regnum,dq,t,year,month,quarter,Name,Total_assets,Net_worth,Net_income,Loans_wins,Admin_expenses,Rel_Admin_expenses,Securities_wins,Cash,Liabilities,NIE_wins,NII_wins,II_Loans_wins,IE_Deposits_wins,Leverage,Deposits_wins,Pure_deposits,Sales,Safe_funds,Safe_funds_income,Safe_rev,PoL_wins,CoF_wins,ruo,key_rate,NIE_TA,NII_TA,Loans_TA,Deposits_TA,Securities_TA,II_Loans_TA,IE_Deposits_TA,Sales_TA,CPI_year,CPI_FRED,CPI,ruo_q,GDP_growth,MNIE_L_wins,MNIE_D_wins,MNII_L_wins,MNII_D_wins,MNetNIE_L_wins,MNetNIE_D_wins,m_L_wins,m_D_wins,m_L_CoF_wins
1,2017q4,1,2017,12,2017q4,Акционерное общество «ЮниКредит Банк»,1189608803,187245325,4963486,902535380,11302205,.0095007745163769,176084846,65877208,1002363478,12263548,7011184,17935465,10044432,.1574007560534167,924306116,806114802,22755839,26582432,2739296,.1030491115335121,.019872312374059,.0108669972275722,7.938469967958506,8.2497289405987,.0103088914347921,.0058936887339089,.7586824994266623,.7769832516950532,.1480191181806512,.0150767756213384,.0084434748420402,.0191288421392087,3.686993952164698,3.68332944412253,2.569999999999993,.019281318,1.826705251293492,.0045982064,.0047801826,-.00042833024,.003982862,.0050265365,.00079732062,-.18247363,.65301722,.25033945
1,2018q1,2,2018,3,2018q1,Акционерное общество «ЮниКредит Банк»,1186803680.87215,192381162.5371655,8099290.386521307,885052664.0237858,6233376.610505451,.005252239027372,173148929.6333003,79547202.1803766,994422518.334985,6928666.005946481,5579082.259663032,16849013.87512388,9957786.917740336,.1621002408720115,929347399.4053518,828332242.8146679,21052985.13379584,26179382.55698711,2667337.958374628,.1018869697391978,.0190373008974651,.0107148165735568,7.134349393911887,7.58470439501564,.0058380894141269,.004700931038201,.7457447919047442,.7830675067694427,.1458951740915211,.0141969679962081,.008390424699747,.0177392314104761,2.862989207274794,2.87829723647867,2.239999999999995,.01737763,2.806340848208899,.0024965417,.0028648477,-.00035228778,.0031468545,.0028488296,-.0002820068,-.058792226,.66567111,.40355334
1,2018q2,3,2018,6,2018q2,Акционерное общество «ЮниКредит Банк»,1196808299.811885,185753057.2365041,2799501.694329503,932316884.0420384,9085958.414640293,.0075918243682538,156454205.834409,59359097.82470334,1011055242.575381,9948633.680214699,6382216.68941529,18264623.92592925,10557034.97338519,.1552070262762223,957922980.7254205,851617531.0783985,23124266.32502216,25734269.27296132,3216425.218746696,.1249860714765332,.0195905750915326,.0110207555156371,6.984828947426447,7.250000000000001,.0083126376060213,.0053326975509933,.7790026892264872,.800398009335319,.1307262039033323,.0152611106797973,.0088209907760872,.0193216125996593,2.862989207274794,2.87829723647867,2.370000000000005,.017022472,2.806340848208899,.0033052198,.0040608342,-.00030148646,.0034076797,.0036067064,.00065315445,-.050346319,.45816371,.33930105
1,2018q3,4,2018,9,2018q3,Акционерное общество «ЮниКредит Банк»,1191611620.475015,187894209.9703618,4030878.126662749,950398941.0134646,12677757.62843041,.0106391691811269,130108078.537394,61400115.77636678,1003717410.504654,13551031.41316675,6327661.116474099,19183691.49884029,10917414.88864172,.1576807465971681,959980648.1202911,840455407.3199513,24229795.10953227,33955359.04638086,2946186.399895327,.0867664628688221,.0201848830748734,.0113725364256236,7.079323134017357,7.288423662270072,.0113720201954433,.0053101707030615,.7975744149210334,.8056153797305298,.1091866479831144,.0160989463086916,.009161890251028,.0203336344604239,2.862989207274794,2.87829723647867,2.980000000000004,.017246969,2.806340848208899,.0041058417,.0057453485,-.00018242896,.0032374097,.0042882706,.0025079388,-.062704504,.24253449,.28887886
1,2018q4,5,2018,12,2018q4,Акционерное общество «ЮниКредит Банк»,1322874365.618597,192626875.4502824,5645392.721982149,1111974671.070678,10268328.53208989,.00776213433336,93318199.98529784,64229020.45683378,1130247490.168315,11236388.22361219,8254792.869568517,18510877.81527777,11569330.403565,.1456123729181244,1093863160.597854,975501981.2077963,23663030.56483549,37742476.20085805,2446497.295770037,.0648207945538671,.0166468520343672,.0105765792471169,7.321223748417882,7.53902423028483,.0084939193892066,.006240042958054,.8405746607318232,.8268836323594086,.0705419973435352,.0139929220010411,.0087456002657932,.0178875871963626,2.862989207274794,2.87829723647867,3.870000000000005,.017820993,2.806340848208899,.0022693849,.0048597641,.000065115935,.0033981067,.0022042689,.0014616575,-.16870742,.48036575,.30248412
1,2019q1,6,2019,3,2019q1,Акционерное общество «ЮниКредит Банк»,1382369801.992962,194672363.0420983,2052435.371326897,1034951917.245341,8645720.72062744,.0062542748750464,147582954.2764813,106142134.7239754,1187697438.950864,9539428.010576488,7749977.57153611,15549604.65790464,11814170.71749424,.1408250981477165,1158272551.297071,971728829.029282,23036117.55071746,38036091.13668431,2738192.84527509,.0719893333790604,.015024470604675,.0101998192949184,7.573094411210013,7.74999999999999,.0069007786460783,.0056062983728109,.7486794892027092,.8378890725384698,.106760834954374,.0112485129778492,.0085463171290792,.0166642222055967,4.467793788947205,4.47036660760193,5.159999999999997,.018417645,2.198075696208202,.001971792,.0042733871,-.00028167997,.0033613457,.0022534719,.0009120414,-.273166,.65747625,.20646586
1,2019q2,7,2019,6,2019q2,Акционерное общество «ЮниКредит Банк»,1247533853.285623,189783101.0091236,3286988.802453502,951245434.7859433,9461353.108522009,.0075840451813021,134699566.2445833,74610118.99373408,1057750752.2765,10398940.3714673,8104330.417723052,15250634.86298088,12632750.81637771,.1521266140468195,1026700041.123255,912189044.2273118,23428002.97834438,44060003.01281486,2806509.101989869,.0636974332746549,.0160322817910949,.0123042274377986,7.618170305415228,7.708292995124966,.0083355977427624,.0064962809597341,.7625006987030079,.8229837117599982,.1079726741601647,.0122246260675134,.0101261787670987,.0187794526911171,4.467793788947205,4.47036660760193,4.989999999999995,.018524315,2.198075696208202,.0026358718,.0047829323,-.00028152909,.0039101252,.0029174008,.00087280711,-.25228551,.40580302,.053256691
1,2019q3,8,2019,9,2019q3,Акционерное общество «ЮниКредит Банк»,1298036097.464336,193297355.6053063,3652237.721875315,998462062.5074956,10321216.06294485,.0079514091195976,125568370.4639293,81759508.7709171,1104738741.85903,11188022.29804228,9287762.186216256,15167241.99476335,11852612.3128015,.1489152389389673,1072690411.112017,948291217.5924684,22613791.13830964,56513411.40118036,2327226.752659156,.0411800791167696,.0151906041944878,.0110494250624599,7.056934150568295,7.264993658151586,.0086191919623019,.0071552418336898,.7692097811901789,.8263949001167817,.0967371945273497,.0116847613285886,.0091311885208394,.0174215425768858,4.467793788947205,4.47036660760193,4.290000000000006,.017193791,2.198075696208202,.0025142143,.0051240586,-.00022931065,.0042096903,.002743525,.00091436831,-.23808177,.43715209,.10133106
1,2019q4,9,2019,12,2019q4,Акционерное общество «ЮниКредит Банк»,1145434696.18163,197607325.5096669,3138369.770525621,860815409.2664387,2141714.568537512,.0018697832147717,129424970.2830981,69320370.55407362,947827370.6719632,3088396.930104304,1771132.774996333,14767418.32000436,10452475.2989475,.1725173213002905,926208392.9772538,802620147.1403108,22123915.5976717,35605261.60142448,1798252.511471578,.050505246432444,.0171551509894423,.0112852306005871,6.466480056414547,6.599650321330652,.0026962662650255,.0015462538204059,.7515185388883492,.808608640950742,.1129920114298471,.0128924140059947,.0091253349787565,.0193148641921037,4.467793788947205,4.47036660760193,3.439999999999998,.015788341,2.198075696208202,.00090963411,.0014956194,-.000071761155,.00094580033,.00098139525,.00054981909,.022982759,.33403251,.39852241
212,2017q4,1,2017,12,2017q4,Прио-Внешторгбанк (публичное акционерное общество),14270438,1390094,21905,10795227,212904,.0149192337334005,671883,1992006,12880344,219268,123312,351837,139816,.0974107452062789,12610823,12331612,463895,758237,82420,.108699522708599,.0325919038108231,.0110869845687312,7.938469967958506,8.2497289405987,.01536519061293,.0086410802527575,.7564748187827172,.8837025885260144,.0470821568335884,.0246549545290761,.0097975969623357,.0325074114753871,3.686993952164698,3.68332944412253,2.569999999999993,.019281318,1.826705251293492,.00026602199,.0033814386,.00181394,.00090380514,-.001547918,.0024776333,.83788234,.42144206,2.4166765
212,2018q1,2,2018,3,2018q1,Прио-Внешторгбанк (публичное акционерное общество),14167553.02279484,1419042.616451932,46047.57185332011,10643619.42517344,171777.9980178394,.0121247471416876,909808.7215064419,1826239.841427155,12748510.40634291,176644.2021803766,100851.3379583746,307442.0218037661,134451.9326065411,.1001614473698293,12471642.22001982,12154452.92368682,402881.0703666997,591878.0971258671,82630.32705649157,.1396070026205407,.0288851009720085,.0107806117457984,7.134349393911887,7.58470439501564,.0124682224161198,.007118472596934,.7512673083381739,.8802961386453687,.0642177742368501,.0217004320583172,.0094901308920613,.0284368845995131,2.862989207274794,2.87829723647867,2.239999999999995,.01737763,2.806340848208899,.0010927268,.0020714966,.0012643677,.0010108214,-.00017164089,.0010606751,.67878181,.46754572,1.7227052
212,2018q2,3,2018,6,2018q2,Прио-Внешторгбанк (публичное акционерное общество),14683139.69053896,1388825.525740334,20039.31762367468,11026536.94426787,209941.1255557297,.0142981085776228,913733.650264579,1953703.037201109,13294314.16479862,217300.1859182654,110906.6491817066,316343.4884574354,138158.9051004839,.0945864137378751,12987492.14716473,12533715.4605189,429049.6946441064,407238.2791959246,81166.39537650165,.1993093466968807,.0286892874940111,.0106378432059838,6.984828947426447,7.250000000000001,.0147992997749849,.0075533333823126,.7509658817298313,.8845173730474815,.0622301271745947,.0215446760791407,.0094093571274478,.0292205688760534,2.862989207274794,2.87829723647867,2.370000000000005,.017022472,2.806340848208899,.0011131912,.0026857585,.0013548664,.0010611505,-.00024167518,.0016246081,.70964992,.38817856,1.7596022
212,2018q3,4,2018,9,2018q3,Прио-Внешторгбанк (публичное акционерное общество),14762207.08478259,1504954.030247996,127015.201936341,11516407.25527294,194083.0037922476,.01314728906576,974040.4107370522,1487559.739111058,13257253.0545346,202348.6246015721,113034.18893938,310073.161656728,136973.8398390409,.1019464109671891,12903214.96335823,12455793.35750559,423908.128221308,281268.5191094364,88491.27907541292,.3146149428865965,.0269244700003777,.0106154815081366,7.079323134017357,7.288423662270072,.0137072067502806,.007656997919769,.7801277403257989,.8740708546663951,.0659820313549949,.0210045259408644,.0092786829945123,.0287157689759201,2.862989207274794,2.87829723647867,2.980000000000004,.017246969,2.806340848208899,.0017572358,.0017090116,.0013150004,.0011306889,.0004422355,.00057832268,.52208483,.54076028,1.4349031
212,2018q4,5,2018,12,2018q4,Прио-Внешторгбанк (публичное акционерное общество),14765885.51223573,1434247.86513434,-50783.25406236556,11193167.9208477,271483.5736829496,.0183858647324595,901127.187457165,1882869.698072724,13331637.64710139,284054.4772022454,141129.5232134873,306377.506058535,131235.8813488983,.0971325332263922,12998995.82875817,12552677.73085744,424625.6358850854,435069.9407005885,96680.81848156787,.2222190260395461,.0273718314801563,.0100958476391353,7.321223748417882,7.53902423028483,.019237212490024,.0095578096617735,.7580424426000389,.8803397410867483,.0610276428535523,.0207490099936543,.0088877758966877,.0287572076549842,2.862989207274794,2.87829723647867,3.870000000000005,.017820993,2.806340848208899,.0015926174,.0033153123,.0017301542,.0013261682,-.00013753679,.0019891441,.54787791,.47463843,1.748642
212,2019q1,6,2019,3,2019q1,Прио-Внешторгбанк (публичное акционерное общество),14155017.58225643,2013230.002399863,585872.1922525644,11361574.72445288,252063.867526504,.0178073863957944,492328.2347741941,1445084.865123249,12141787.57985657,256732.2056430441,99972.93674203263,294203.3241896151,126234.5771500996,.1422273049609972,11950248.10808085,11752816.89764845,1505561.134227657,421919.5543821538,0,0,.0258945904352869,.0105633436233628,7.573094411210013,7.74999999999999,.018137187336656,.0070627207745295,.8026535225710223,.844241134893446,.0347811814371277,.0207843842284169,.0089180092088573,.1063623641213208,4.467793788947205,4.47036660760193,5.159999999999997,.018417645,2.198075696208202,.00076328352,.0031271472,.0016819969,.00047574623,-.00091871334,.0026514009,.47978121,.39371938,1.6848712
212,2019q2,7,2019,6,2019q2,Прио-Внешторгбанк (публичное акционерное общество),13980923.70850758,2092425.732530128,148883.6392162162,11058559.12967318,242194.6906957736,.0173232252564539,538567.1892894065,1581101.125209398,11888497.97597746,251880.6098978326,167173.6590983449,337681.5239868275,129503.3928961243,.1496629104167744,11762680.05291661,11742356.25158165,900135.602558395,467970.5899200787,0,0,.0305357614881974,.0110096842142717,7.618170305415228,7.708292995124966,.01801602062563,.0119572685313072,.7909748569004705,.8413378327612833,.0385215741476138,.0241530195734738,.0092628638562214,.064383128134134,4.467793788947205,4.47036660760193,4.989999999999995,.018524315,2.198075696208202,.001026348,.0029151724,.0027514042,.00095792057,-.0017250562,.0019572517,.81768501,.42858076,2.2888513
212,2019q3,8,2019,9,2019q3,Прио-Внешторгбанк (публичное акционерное общество),15155659.50919211,2157774.232946361,116766.3467252158,12265961.39185048,217508.684370032,.0143516475966031,477514.1642654656,1636270.324076787,12997885.27624575,228549.042807072,171624.7606223134,290660.3899471642,137915.8366114523,.1423741561122855,12875097.67926747,12731865.07774947,668746.9448502501,545695.2825036768,0,0,.0236965029206989,.010711828371876,7.056934150568295,7.264993658151586,.0150801119983234,.0113241367370533,.8093320771960476,.8495240785436327,.0315073167205853,.0191783399310914,.0090999561271355,.0441252288918635,4.467793788947205,4.47036660760193,4.290000000000006,.017193791,2.198075696208202,.00031918858,.0029935327,.0027661356,.00067901454,-.0024469472,.0023145182,.60688645,.31992424,1.8671317
212,2019q4,9,2019,12,2019q4,Прио-Внешторгбанк (публичное акционерное общество),14782111.39616176,1438485.291088441,-652575.1161264996,11929468.25168449,426705.1373989655,.0288663186173635,471755.1550788341,1766808.43495913,13343626.10507332,444486.4960022218,161083.0625352048,220700.5029275715,140235.7598762991,.0973125727804994,13214836.90864462,13108912.91612335,770618.6161002945,713928.4355910539,0,0,.0185004476537676,.0106119932350102,6.466480056414547,6.599650321330652,.0300692156952379,.0108971619965623,.8070205894120125,.8939749237768504,.0319139223373278,.0149302421699296,.0094868558433886,.0521318366130287,4.467793788947205,4.47036660760193,3.439999999999998,.015788341,2.198075696208202,-.00086127355,.0074111847,.0026314766,.00062277279,-.0034927502,.0067884121,.50464082,-.09264522,1.5986538
316,2017q4,1,2017,12,2017q4,Общество с ограниченной ответственностью «Хоум Кредит энд Финанс Банк»,292911489,49293056,3363997,215293886,6243703,.0213160058054261,51268490,14221268,243618433,7071366,4534315,13550104,4415973.184969657,.1682865228956588,237394448,220919725,18154302,690160,179375,.2599035006375333,.0629377092482784,.0186018385104341,7.938469967958506,8.2497289405987,.0241416477863045,.0154801541430831,.7350134565735658,.8104647885628002,.1750306557623624,.0462600632233992,.0150761351152384,.0619787979706047,3.686993952164698,3.68332944412253,2.569999999999993,.019281318,1.826705251293492,.010093453,.0074547315,-.00069963722,.0085079428,.010793091,-.0010532113,1.092733,.098736562,1.1411077
316,2018q1,2,2018,3,2018q1,Общество с ограниченной ответственностью «Хоум Кредит энд Финанс Банк»,293314001.9821605,50883204.16253716,1989539.147670961,218948588.7016848,6580154.60852329,.0224338236976614,49558849.35579781,11953736.37264618,242430797.8196234,7448058.473736372,3777300.297324083,13820004.95540139,4422041.525074346,.1734769012685317,235927364.7175421,223546174.4301288,17343444.00396432,759949.4549058473,79322.1010901883,.1043781274900918,.0631198631484718,.0187432328181537,7.134349393911887,7.58470439501564,.025392781876773,.0128780087953449,.7464648370758699,.8043508428618805,.1689617577779734,.0471167583613752,.0150761351152384,.0591292740433822,2.862989207274794,2.87829723647867,2.239999999999995,.01737763,2.806340848208899,.010779154,.0074384818,-.00049341295,.007061597,.011272567,.00037688483,1.2031214,-.091133736,1.1028879
316,2018q2,3,2018,6,2018q2,Общество с ограниченной ответственностью «Хоум Кредит энд Финанс Банк»,293406602.5991684,51521828.96970997,2782346.571338853,232723561.369405,6124326.931356167,.0208731735315541,33843182.97405284,15099351.2376343,241884773.6294584,6799531.507153999,4373164.770577567,14395590.09484597,4312426.044091206,.1755987374288762,234816677.6078425,223164234.1428626,18024688.54914909,5999860.350453675,94318.36213049505,.0157200929057229,.061857037637868,.0183650756327164,6.984828947426447,7.250000000000001,.0231744325005632,.0149047933203871,.793177656221103,.8003114978589375,.1153456761853687,.0490636201343847,.0146977811879119,.0614324571753866,2.862989207274794,2.87829723647867,2.370000000000005,.017022472,2.806340848208899,.0085439906,.0070098075,.00015510303,.0074129472,.0083888872,-.00040313974,1.4342278,-.05230305,1.3120701
316,2018q3,4,2018,9,2018q3,Общество с ограниченной ответственностью «Хоум Кредит энд Финанс Банк»,293586413.3056916,53777350.09836857,3486307.502598576,239226564.1353756,5647058.514953867,.019234740638607,29714802.69870022,13083941.61908107,239809063.207323,6520020.940224756,4553466.772466268,14957042.21628356,4299034.520283491,.1831738379608659,231687941.4069182,220393676.4812644,18783800.861385,1664642.516089825,248784.9698782066,.1494524905338787,.0625224973252533,.0185552795461763,7.079323134017357,7.288423662270072,.022208183501448,.0155098007472337,.8148420815587444,.7891643853616526,.1012131398184296,.0509459618647604,.0146431657782719,.0639804841439536,2.862989207274794,2.87829723647867,2.980000000000004,.017246969,2.806340848208899,.0081139002,.0063704588,.0004184322,.0075266436,.0076954681,-.0011561848,1.5066715,-.0087433103,1.3817415
316,2018q4,5,2018,12,2018q4,Общество с ограниченной ответственностью «Хоум Кредит энд Финанс Банк»,315032058.0884254,56754286.90401611,3774812.819768465,249417960.5022631,6621124.149616051,.0210173027779845,38720524.84129413,15766485.3408277,258277771.1844093,7354499.378117455,4570401.40935357,15119058.77944984,4204984.555758824,.1801540047968258,250189598.1415758,232065608.2214911,19387249.23738046,1555590.10461865,170025.850371948,.1092999048188402,.060617361913328,.0168071917737337,7.321223748417882,7.53902423028483,.0233452411882893,.0145077343464224,.7917224742640468,.7941718682844362,.1229097923438185,.0479921277573793,.0133477988915609,.0615405598878407,2.862989207274794,2.87829723647867,3.870000000000005,.017820993,2.806340848208899,.0091057951,.0068541011,.000022644701,.0074860449,.00908315,-.00063194381,1.2530864,.10174468,1.3413118
316,2019q1,6,2019,3,2019q1,Общество с ограниченной ответственностью «Хоум Кредит энд Финанс Банк»,293184442.6658193,61240332.9514591,6470999.01934814,263904163.2179361,6719228.685490011,.0229180942358145,9817928.828603867,8979028.563314356,231944109.7143602,7186783.530590242,4039097.411919969,13606760.71523968,3860867.36928692,.208879885967424,228102107.0305977,208806614.8611034,23645829.08800973,1145940.812404075,0,0,.0515594773092041,.0169260486873496,7.573094411210013,7.74999999999999,.0245128406720474,.0137766430414722,.9001301734101296,.778015726061548,.0334872094144322,.0464102412512696,.0131687320588414,.0806517183279127,4.467793788947205,4.47036660760193,5.159999999999997,.018417645,2.198075696208202,.0048691556,.0096383039,.0018598982,.004630025,.0030092574,.0050082789,1.4062964,-.16032779,1.58634
316,2019q2,7,2019,6,2019q2,Общество с ограниченной ответственностью «Хоум Кредит энд Финанс Банк»,288062679.6437179,60949549.96281666,2718549.221921326,247259268.9486847,5877969.386365611,.0204051749905111,18602028.3017953,11911917.75881662,227113129.6809012,6426015.099596384,5914465.346970128,13737654.67299291,3559920.031311596,.2115843330979229,223007290.2048874,206725263.7630779,19397946.85164296,1327254.931399419,0,0,.0555597156434365,.0159632450940995,7.618170305415228,7.708292995124966,.0223076974342675,.0205318695024474,.8583523185110278,.7741623818840664,.0645763218088601,.0476898107383571,.0123581438446472,.0673393265508561,4.467793788947205,4.47036660760193,4.989999999999995,.018524315,2.198075696208202,.0069448687,.0067200153,.0015463305,.008796717,.005398538,-.0020767017,1.3224536,.33397597,1.6008931
316,2019q3,8,2019,9,2019q3,Общество с ограниченной ответственностью «Хоум Кредит энд Финанс Банк»,303694554.8191157,64453891.55029884,4901082.161468527,268668897.3085867,5762115.349097225,.0189733903939411,12804063.16210258,11515004.27288804,239240663.2688169,6369000.082684892,3693987.109768189,14628867.76130439,3736358.870808248,.2122326216506858,234133394.5755539,211281375.4189413,23391610.14357071,1464325.512495725,0,0,.0544494279309972,.0159582484061347,7.056934150568295,7.264993658151586,.0209717295935001,.0121634947059501,.8846681412138235,.7709502553149387,.0421609902414248,.0481696741978714,.0123030156830888,.0770234756349288,4.467793788947205,4.47036660760193,4.290000000000006,.017193791,2.198075696208202,.0051080296,.0075522936,.0013837125,.004559523,.0037243171,.0029927706,1.6029806,-.092724748,1.7663786
316,2019q4,9,2019,12,2019q4,Общество с ограниченной ответственностью «Хоум Кредит энд Финанс Банк»,314256604.6433311,65572075.23892057,5203951.382179133,264072616.1731984,6742262.285262854,.0214546398886829,22954062.30060354,16173802.41360182,248684529.4044105,7471228.180526972,7632654.69581158,14568782.56200187,3717774.55876907,.2086577474269548,243949474.7941302,203084217.5818008,22884720.21434189,1399838.945267366,0,0,.0551696074099807,.0152399367201201,6.466480056414547,6.599650321330652,.0237742916779952,.0242879690769724,.8403088822044343,.7762747741483533,.0730424180795038,.0463595111343383,.0118303784354464,.0728217637313149,4.467793788947205,4.47036660760193,3.439999999999998,.015788341,2.198075696208202,.0077415365,.0074472926,.0014462995,.011007417,.0062952368,-.0035601244,1.4982188,.35176325,1.5618372
328,2017q4,1,2017,12,2017q4,Акционерное общество «Акционерный Банк „РОССИЯ“,906228078,55633148,344314,582808623,4189093,.0046225592670281,236442725,41310118,850594930,4414921,1137279,11470789,11372438,.0613897862476073,838750916,790309782,17488308,13187703,1602398,.1215069826792429,.0196819136631065,.0135587786350626,7.938469967958506,8.2497289405987,.0048717548122582,.0012549589089205,.6431147270190849,.9255406407745402,.2609086285671233,.0126577285326619,.012549200666016,.019297910122798,3.686993952164698,3.68332944412253,2.569999999999993,.019281318,1.826705251293492,.001462831,.0029402585,-.00022738121,.00077891786,.0016902123,.0021613406,-.061493702,.22653767,.2907027
328,2018q1,2,2018,3,2018q1,Акционерное общество «Акционерный Банк „РОССИЯ“,950447787.9088205,60301778.98909811,3529840.436075322,611157091.1793854,1902228.939544103,.0020014028795095,249491020.8126858,46770367.69078295,890146008.9197224,2153014.866204162,1082370.664023786,12025166.50148662,11899317.1456888,.0634456513616328,877286122.8939543,850198870.1684835,17974411.29831516,13344800.79286422,3007602.576808721,.225376356192365,.0196760647549404,.013563781342438,7.134349393911887,7.58470439501564,.0022652636931706,.0011388007608553,.6430201626583361,.9230240041109077,.2624983970572619,.0126521063591977,.012519695765582,.0189115188934918,2.862989207274794,2.87829723647867,2.239999999999995,.01737763,2.806340848208899,.00069214293,.001374548,-.00020947725,.00071367697,.00090162019,.00066087098,.076415315,.22165586,.3602156
328,2018q2,3,2018,6,2018q2,Акционерное общество «Акционерный Банк „РОССИЯ“,969158371.215561,55524516.43892872,-155726.8964830085,625527789.9655132,2714929.379891289,.0028013268631071,200677891.6527426,65898464.38456033,913633854.7766323,3024250.18294679,1187188.840902881,13209249.54648221,12566770.42967929,.0572914789657004,899456576.9346415,858988597.9675891,18942674.44964447,14360701.24470504,4061349.104840524,.2828099433053795,.021116966757321,.0139715143031218,6.984828947426447,7.250000000000001,.003120491214613,.0012249688762569,.645434026619353,.92808007818836,.2070640853063505,.0136296088841647,.012966684086851,.0195454891710688,2.862989207274794,2.87829723647867,2.370000000000005,.017022472,2.806340848208899,.0007410291,.0020253179,-.00018894699,.0007320586,.00092997612,.0012932592,.17627227,.11514736,.41710433
328,2018q3,4,2018,9,2018q3,Акционерное общество «Акционерный Банк „РОССИЯ“,891726866.3845117,53433303.72703811,340999.913560716,551178710.1102047,2649127.09089601,.0029707830847767,171927499.0635089,54765540.82381193,838293562.6574737,2973909.068300185,1524664.057409207,12235182.52725714,11281496.26857545,.0599211549425244,822621634.243529,736873856.2859879,18260279.11018347,15393568.18684217,2597593.207370989,.1687453601297789,.0221982132162013,.0137140767990496,7.079323134017357,7.288423662270072,.0033349999651326,.0017097881816558,.6181026173910712,.9225040371148976,.19280286996464,.0137207736903391,.012651291212427,.0204774351862016,2.862989207274794,2.87829723647867,2.980000000000004,.017246969,2.806340848208899,.00063742563,.0022864677,-.00026352814,.0010064717,.00090095378,.001279996,.22318204,.15025246,.51886189
354,2017q4,1,2017,12,2017q4,«Газпромбанк» (Акционерное общество),5518414799,536380648,3551828,3840353136,18605493,.003371528541742,360528679,650253717,4982034151,21607644,10210324,81088752,50612745,.0971983200859055,4921536669,3990325362,98976328,79203344,5755979,.0726734340913687,.0211149207191034,.0102839313011324,7.938469967958506,8.2497289405987,.0039155527061713,.0018502277142795,.69591599687213,.89183884290319,.0653319281227884,.0146942111011108,.0091716093920978,.0179356448554639,3.686993952164698,3.68332944412253,2.569999999999993,.019281318,1.826705251293492,.00022409559,.0038298906,-.0001262203,.0011452925,.00035031588,.0026845981,.075555936,.48677754,.98555857
354,2018q1,2,2018,3,2018q1,«Газпромбанк» (Акционерное общество),6077626632.309216,544861222.0019821,14012787.90882061,3679722899.900891,19091204.16253716,.0031412268830478,304085673.9345887,1435948932.606541,5532765410.307234,21675304.26164519,8500339.940535182,81818914.76709613,48058841.42715559,.0896503281569569,5483124745.292368,4482858681.863231,97574217.04658076,226838663.0327056,3859480.673934588,.0170142101101086,.0222350750295083,.0087648637701372,7.134349393911887,7.58470439501564,.0035664093194566,.0013986281907063,.6054539251126664,.9021819004384999,.0500336220586572,.0134623134517904,.0079075014532269,.0160546580021661,2.862989207274794,2.87829723647867,2.239999999999995,.01737763,2.806340848208899,-.00060382218,.0041423617,-.000098199867,.00083223847,-.0005056223,.0033101232,.31786779,.43914273,1.6921449
354,2018q2,3,2018,6,2018q2,«Газпромбанк» (Акционерное общество),5991249810.48262,549320979.5788037,9824993.816780971,3720534461.565679,22714595.94698574,.0037912950829129,279490687.1208794,1299505168.896516,5441928830.903817,25943611.19997207,14220543.70354127,86512004.46721639,47368274.87894914,.0916872100071143,5404961752.303678,4308336299.251718,103123741.6585384,194001209.5768991,7144622.796180114,.0368277229392639,.0232525744246998,.0087638501528267,6.984828947426447,7.250000000000001,.0043302502851041,.002373552122407,.6209947138335022,.9021426118548519,.0466498136385278,.0144397258007587,.0079062426667756,.0172123922254264,2.862989207274794,2.87829723647867,2.370000000000005,.017022472,2.806340848208899,-.00068940467,.0049781469,-.00013001529,.0013873701,-.00055938936,.0035907768,.4124071,.37782159,1.834138
354,2018q3,4,2018,9,2018q3,«Газпромбанк» (Акционерное общество),6043523256.426836,522910789.0094531,-2772088.781791546,3990527525.927919,25349319.2034984,.0041944604377159,284266136.2550339,1058497712.686123,5520612467.417383,28539457.69056918,10413458.18785029,86334911.42053215,47510912.95578325,.0865241626154704,5475242669.394667,4410137488.516452,102511945.6462954,121622876.3300537,7001244.508045129,.0575651943064192,.0216349620093039,.0086774077104122,7.079323134017357,7.288423662270072,.0047223211493758,.0017230773749032,.6602981996775292,.9059686605114251,.0470364924885063,.0142855264648351,.0078614594401137,.0169622819829942,2.862989207274794,2.87829723647867,2.980000000000004,.017246969,2.806340848208899,-.0004457226,.0051731518,-.000076332719,.0010007184,-.00036938989,.0041724332,.28187591,.34219319,1.6041063
354,2018q4,5,2018,12,2018q4,«Газпромбанк» (Акционерное общество),6281884046.157913,524738191.6529351,1973092.741948116,4086477561.396983,30015496.65783316,.0047781042179839,265689367.1865753,1144237123.83228,5757145854.504977,33911467.8418698,14533212.12422263,89534502.43060982,55436333.85554852,.0835319766804471,5701037486.578107,4718568194.248996,104738230.45225,289447874.2353616,6526623.840896407,.022548529189022,.021909945933975,.0097239027082459,7.321223748417882,7.53902423028483,.0053982957330469,.0023135116817559,.6505178273540928,.9075362494258294,.0422945354028103,.014252810426415,.0088247941936232,.0166730601333384,2.862989207274794,2.87829723647867,3.870000000000005,.017820993,2.806340848208899,-.00075809308,.0061096367,-.000082795472,.0013213339,-.00067529763,.0047883028,.27786857,.22800034,1.4213617
354,2019q1,6,2019,3,2019q1,«Газпромбанк» (Акционерное общество),5762284133.598153,506114166.1743928,33212653.54196063,3722451848.199461,26139336.17009433,.0045362803298233,614798534.7609795,1040721772.973779,5256169967.42376,29249674.6413049,11533505.8566008,81680402.09623757,56394296.3777287,.087832212789264,5210540276.260852,4367435980.693075,105352988.5940576,336416371.5055555,6658139.715838199,.0197913665320186,.0219426349694076,.0108231187914736,7.573094411210013,7.74999999999999,.0050760555993341,.0020015510497569,.6460028283740746,.9042491059890213,.1066935472994595,.0141750042522172,.0097867954912029,.018283199188283,4.467793788947205,4.47036660760193,5.159999999999997,.018417645,2.198075696208202,.00053300633,.0049050967,-.00029763684,.001350948,.00083064317,.0035541486,.1399785,.28102544,.88287997
354,2019q2,7,2019,6,2019q2,«Газпромбанк» (Акционерное общество),5648543445.461308,511637749.87484,2394506.271857227,3802798103.404544,37093295.38961342,.0065668779478749,590600242.4541391,858291409.5766031,5136905695.586468,40765890.83710561,20423142.73061166,82631588.46532038,54655186.01154132,.0905787049024026,5092065521.116212,4376322314.135016,105949106.7567019,272713534.8345469,4922298.564585998,.0180493372562983,.021729154748274,.0107334019534691,7.618170305415228,7.708292995124966,.0072170624570236,.003615647631607,.6732351694063983,.9014829345444383,.1045579711223954,.0146288311780121,.0096759786906583,.0187568897680753,4.467793788947205,4.47036660760193,4.989999999999995,.018524315,2.198075696208202,.00099167065,.0067143887,-.00048214264,.0024263239,.0014738133,.0042880648,.086559407,.23318951,.78002554
354,2019q3,8,2019,9,2019q3,«Газпромбанк» (Акционерное общество),5813822182.946712,510184918.5466957,15728829.72020987,3859817023.99904,13352961.75347326,.002296761292879,580842660.1525928,904139148.3674045,5303637264.400017,17365935.16267756,20785091.80819875,82350310.71055439,55680418.5965293,.0877537878683642,5249535858.731116,4546772090.583664,112258261.947574,327975085.5060121,7997891.505940168,.0243856678735238,.0213352887451731,.0106067317368488,7.056934150568295,7.264993658151586,.0029870083081687,.0035751165333481,.6639035220789481,.9029405601927802,.0999071939035802,.0141645733424918,.0095772482962848,.0193088571365071,4.467793788947205,4.47036660760193,4.290000000000006,.017193791,2.198075696208202,.00033609863,.0028510133,-.00047567597,.002386743,.00081177463,.00046427036,.18492746,.55304736,.8684833
354,2019q4,9,2019,12,2019q4,«Газпромбанк» (Акционерное общество),6088015910.373199,612808767.1665559,6537126.055710683,4133670211.509129,38669587.05455028,.0063517552555443,600481478.2467738,926806492.2058001,5475207143.206642,43154231.10293022,29158061.52778319,80479860.55684368,54410097.2979414,.1006582072366809,5424585593.141471,4713425876.29366,114322571.9789419,385320185.9154109,8642257.787222316,.0224287698987033,.0194693471996795,.0100302772190994,6.466480056414547,6.599650321330652,.007088390000657,.0047894194031428,.6789847911642091,.8910268424066816,.0986333621802187,.0132193906424778,.0089372462389978,.0187782971762854,4.467793788947205,4.47036660760193,3.439999999999998,.015788341,2.198075696208202,.0010160302,.0066580158,-.00060590106,.0032445139,.0016219313,.0034135019,.11826782,.17439753,.67087185
429,2017q4,1,2017,12,2017q4,Публичное акционерное общество «Уральский банк реконструкции и развития»,342985759,15064909,-70601,163820313,5628653,.0164107484124436,54298421,23474549,327920850,5953673,5244511,4151563,4608452,.043922841122975,276058310,231574637,7598872,4637495,-467886,-.1008919686166777,.0253421747521628,.0166937629952165,7.938469967958506,8.2497289405987,.0173583679315385,.0152907543896013,.4776300726818223,.8048681403124962,.1583110073091985,.0121041847687909,.0134362779767775,.0221550656276665,3.686993952164698,3.68332944412253,2.569999999999993,.019281318,1.826705251293492,.00095188559,.013346476,-.0022585487,.0088282702,.0032104342,.0045182062,.12673189,-.091017045,.27320758
429,2018q1,2,2018,3,2018q1,Публичное акционерное общество «Уральский банк реконструкции и развития»,343701538.1565906,14019438.05748265,-785035.67888999,151892474.7274529,2282649.157581764,.0066413702127274,90139352.82457878,19004092.1704658,329682100.099108,2563648.166501486,3685883.052527254,4357945.490584737,4580675.916749256,.0407895703134601,296596542.1209118,223607737.3637264,6736164.519326065,2553851.337958375,473051.53617443,.1852306471967948,.0286909901126069,.0154441312228174,7.134349393911887,7.58470439501564,.0074589371355489,.0107240807599993,.4419313208259505,.8629479626762167,.2622605453208977,.0126794471562686,.0133274815740344,.0195988780133334,2.862989207274794,2.87829723647867,2.239999999999995,.01737763,2.806340848208899,.00016907995,.0058385255,-.0029569271,.0064894403,.003126007,-.00065091485,.39931223,.17470261,.54500681
429,2018q2,3,2018,6,2018q2,Публичное акционерное общество «Уральский банк реконструкции и развития»,343080206.1086085,12492552.18764349,-1225823.907806194,131797284.7577816,3763903.416647756,.0109709139426605,112739822.1076608,19388589.96519941,330587653.920965,4103774.519331949,3434203.97895293,3894993.544150537,4523979.415813781,.0364129202594939,304316398.7990924,216900436.1498542,6762838.196583019,4440242.64500948,82012.72654559391,.0184703254084032,.029552911892751,.0148660388781759,6.984828947426447,7.250000000000001,.0119615601432652,.0100099158092081,.3841588130446054,.8870124052063655,.3286106866566674,.011353011554731,.0131863609012221,.0197121200120829,2.862989207274794,2.87829723647867,2.370000000000005,.017022472,2.806340848208899,-.0018785945,.010524581,-.0040286859,.0062321229,.0021500913,.0042924583,.54141682,-.11149232,.73675871
429,2018q3,4,2018,9,2018q3,Публичное акционерное общество «Уральский банк реконструкции и развития»,318603240.4930227,9669990.164259376,-2632505.360432716,129171218.3388248,2403300.035939564,.0075432378911796,116983566.779965,21796540.34701991,308933250.3287633,2805487.92245086,9609632.158883881,4425934.908416948,4708119.018954469,.0303511984036808,306118168.6427833,224189371.1816973,7864311.540304738,6514745.343282065,428464.6793984789,.0657684463200556,.0342640950928203,.0153800705127322,7.079323134017357,7.288423662270072,.0088055850220152,.0301617527304915,.4054297066751071,.960813104628442,.3671763243805642,.0138916820229701,.0147773732987426,.0246837148553012,2.862989207274794,2.87829723647867,2.980000000000004,.017246969,2.806340848208899,-.0015463779,.0073035494,-.011886641,.017487902,.010340263,-.010184353,.24202728,2.3194587,.33217925
429,2018q4,5,2018,12,2018q4,Публичное акционерное общество «Уральский банк реконструкции и развития»,294468787.2527806,10435931.27293832,447666.8370514833,145203564.5479271,2720584.966100229,.0092389587075821,77051165.87287904,24850883.7149648,284032855.9798422,3144249.829913615,1545212.225928344,4513216.217138095,3978152.815973253,.0354398555116805,281136242.7446656,219794127.6817549,7331565.99906732,11297389.5485854,124673.1727188601,.0110355734997623,.0310819932774338,.0141502667074707,7.321223748417882,7.53902423028483,.0106777015630336,.0052474567520186,.493103414805319,.9547234033443757,.2616615723239152,.0153266370240586,.0135095907891871,.0248975997336305,2.862989207274794,2.87829723647867,3.870000000000005,.017820993,2.806340848208899,-.000063159154,.0075951726,-.001182822,.0027872408,.0011196629,.0048079318,.64101988,-.05998487,1.0355034
429,2019q1,6,2019,3,2019q1,Публичное акционерное общество «Уральский банк реконструкции и развития»,295108525.6009717,13468261.97181209,3681265.949314972,154654169.8122887,1916872.600690143,.0064954836421162,67593684.76062258,15715322.64955908,281640263.6291596,2302358.759171862,2472795.042894014,4189303.287943067,3921724.477203084,.0456383357423671,279646063.2545758,216515215.4806274,12418666.30826178,4972009.12826867,8884.263090350616,.0017868557480795,.0270882013270501,.0140238858776029,7.573094411210013,7.74999999999999,.0078017358342435,.0083792734820463,.5240586306252735,.9476041489655119,.2290468722412268,.0141958056935556,.0132890924422353,.0420816927703863,4.467793788947205,4.47036660760193,5.159999999999997,.018417645,2.198075696208202,.00026791444,.0053013652,-.0015079537,.0043370556,.0017758682,.00096430955,.34143081,.22881006,.71446979
429,2019q2,7,2019,6,2019q2,Публичное акционерное общество «Уральский банк реконструкции и развития»,283935095.4285695,11506381.55028087,-2359528.407192462,157637896.8676658,2021330.263479676,.0071189870362052,56040744.23494318,15793252.79934399,272428713.8782886,2460828.8472731,2964554.566979097,3732680.283468227,4151553.31516452,.0405246893939378,266925954.2817534,219093060.594431,8191608.322384815,3947919.195551326,1725.49120044395,.0004370634541832,.0236788256988847,.0155532021093099,7.618170305415228,7.708292995124966,.0086668710099354,.0104409585666204,.5551898986975469,.9400949674039321,.1973716709811998,.0131462448410407,.0146214870299784,.0288502846399472,4.467793788947205,4.47036660760193,4.989999999999995,.018524315,2.198075696208202,.00053636398,.0056120334,-.0014163336,.0052135787,.0019526975,.00039845472,.15636133,.16127844,.35261977
429,2019q3,8,2019,9,2019q3,Публичное акционерное общество «Уральский банк реконструкции и развития»,275798357.13112,11829329.77191906,-282165.50968932,154966556.1042106,2135848.409539197,.0077442390584066,49229415.48641689,21193165.17844085,263969027.3592009,2609618.07089663,2887174.100305441,3784548.467789396,3912808.656234309,.0428912263835392,259056655.7034178,218029437.1388963,9976842.164425325,4242936.088170273,19603.35449660025,.0046202332746082,.0244217111287186,.0151040653466704,7.056934150568295,7.264993658151586,.009462050818729,.0104684238526222,.5618835359143797,.9392973127111744,.1784978561819795,.013722157402084,.0141872079911415,.0361744075207893,4.467793788947205,4.47036660760193,4.290000000000006,.017193791,2.198075696208202,.0004192919,.006154167,-.0012142243,.0050844848,.0016335162,.0010696822,.2971431,.063067816,.45909438
429,2019q4,9,2019,12,2019q4,Публичное акционерное общество «Уральский банк реконструкции и развития»,273090281.7770125,12683262.33689531,805762.4884904616,172913721.5716484,3024286.680981938,.0110743108883361,31229289.16756103,17541269.30839697,260407019.4401172,3535613.36354284,4013539.498915832,3687666.131837635,3430491.691536435,.0464434774257241,258169269.3397892,229663629.3516998,9496106.452928023,3963354.443787567,105661.516436362,.0266596182438296,.0213266251996642,.0132877615539183,6.466480056414547,6.599650321330652,.012946683201381,.014696749634588,.63317420322133,.9453623455945356,.1143551830711457,.0135034689181973,.0125617494303131,.0347727732789917,4.467793788947205,4.47036660760193,3.439999999999998,.015788341,2.198075696208202,.00034788565,.0081034405,-.00041261013,.0062696319,.00076049578,.0018338086,.28870842,.044094019,.51809758
436,2017q4,1,2017,12,2017q4,ПУБЛИЧНОЕ АКЦИОНЕРНОЕ ОБЩЕСТВО «БАНК „САНКТ-ПЕТЕРБУРГ“,597504509,56311373,654477,406852509,3887195,.0065057165953538,89058457,39657948,541193136,4313565,2269204,9606941,5812079,.0942442645231988,521868488,362686292,13435793,12352526,1112921,.0900966328668323,.0236128345960379,.0111370568134399,7.938469967958506,8.2497289405987,.0072193011684871,.0037978023024425,.6809195627342119,.8734134724328917,.1490506860760778,.0160784410080494,.009727255464109,.0224865131519869,3.686993952164698,3.68332944412253,2.569999999999993,.019281318,1.826705251293492,.0018603762,.0040829768,-.00028621993,.0020994386,.0021465961,.0019835383,.10196606,.46954602,.77758592
436,2018q1,2,2018,3,2018q1,ПУБЛИЧНОЕ АКЦИОНЕРНОЕ ОБЩЕСТВО «БАНК „САНКТ-ПЕТЕРБУРГ“,590639812.6858275,57196144.69772051,1105842.418235877,408556506.4420217,3581893.954410307,.0060644302627049,97597942.51734389,32656895.93657086,533443667.988107,3925636.273538156,1821033.696729435,8841329.038652129,5669031.714568879,.0968376046945285,517402238.8503468,352518424.1823587,12435364.71754212,5606017.839444994,1272306.243805748,.2269536559183887,.0216404068941362,.0109567204949969,7.134349393911887,7.58470439501564,.0066464132441175,.0030831543313151,.6917185358436727,.876002984792972,.1652410494875632,.0149690705718732,.0095981198571596,.0210540577361261,2.862989207274794,2.87829723647867,2.239999999999995,.01737763,2.806340848208899,.001929992,.0035440973,-.00025825706,.0017325119,.002188249,.0018115854,.10602785,.36099729,.6462881
436,2018q2,3,2018,6,2018q2,ПУБЛИЧНОЕ АКЦИОНЕРНОЕ ОБЩЕСТВО «БАНК „САНКТ-ПЕТЕРБУРГ“,585690522.8757529,56797272.00887638,1290876.667679387,359380942.5834421,3792992.495602118,.0064761035862053,136026925.2955343,39077602.97830117,528893250.8668765,4215957.0397199,1882203.254030566,8772670.740693741,5863321.537000167,.0969748865493001,517973326.1521038,360272494.1193223,12664555.51334251,7174757.285361883,1184909.728924932,.1651497997489635,.0244105062378395,.011319736443877,6.984828947426447,7.250000000000001,.0071982674724178,.0032136481307379,.6136021133121192,.8843805831257842,.2322505145339201,.014978338214557,.0100109551170662,.0216232891240228,2.862989207274794,2.87829723647867,2.370000000000005,.017022472,2.806340848208899,.0020819942,.0042167255,-.00050839357,.0019366177,.0025903878,.0022801077,.24461739,.25166669,.75487334
436,2018q3,4,2018,9,2018q3,ПУБЛИЧНОЕ АКЦИОНЕРНОЕ ОБЩЕСТВО «БАНК „САНКТ-ПЕТЕРБУРГ“,588820581.7684658,57153289.42745067,682706.223908668,397428850.4897577,3151877.273758821,.0053528653232407,74030479.62916431,39819193.80516651,531667292.3410151,3597116.44435833,2069686.15269828,8772488.721117837,5545920.203591272,.0970640143994225,513425201.4886055,373846919.506952,12885149.30337392,3373348.23453057,671260.8445584521,.1989894899338383,.0220731049351535,.0108018075223258,7.079323134017357,7.288423662270072,.006109019548119,.0035149691039708,.6749574705695893,.8719552566362108,.1257267186666962,.0148984070746483,.0094186928502646,.0218829804907203,2.862989207274794,2.87829723647867,2.980000000000004,.017246969,2.806340848208899,.0012815477,.0036736962,-.00019744816,.001871123,.0014789959,.0018025732,.17874326,.36833134,.7973665
436,2018q4,5,2018,12,2018q4,ПУБЛИЧНОЕ АКЦИОНЕРНОЕ ОБЩЕСТВО «БАНК „САНКТ-ПЕТЕРБУРГ“,627151836.0031022,57662763.32393355,1999422.517660533,430098228.2625968,4878384.69478645,.007778634159595,94796858.04726544,26878047.32282384,569489072.6791687,5380631.664708699,2314539.391321164,9409971.104982838,5685423.608039689,.0919438643302454,551218493.7785373,397028809.7527493,13785739.15401985,6224215.536492801,1306959.043398638,.2099797212573841,.0218786558200783,.0103142831240418,7.321223748417882,7.53902423028483,.008579472076491,.0036905566697723,.6857960123399357,.8789235112369355,.1511545571665942,.0150042949167676,.0090654659392747,.0219815017075891,2.862989207274794,2.87829723647867,3.870000000000005,.017820993,2.806340848208899,.002221986,.004861949,-.00028755635,.002046884,.0025095423,.002815065,.076147534,.35734031,.70609432
436,2019q1,6,2019,3,2019q1,ПУБЛИЧНОЕ АКЦИОНЕРНОЕ ОБЩЕСТВО «БАНК „САНКТ-ПЕТЕРБУРГ“,611007788.6012336,74560222.26300353,1093028.267779718,454303636.8163899,4105873.591786844,.0067198383856715,93926653.75580513,28985616.17033178,536447566.3382301,4521314.212954159,2067408.361296482,8854032.467142478,6028645.471352703,.122028268139908,533158611.3881603,382796739.5433393,16850129.3860151,9113420.714944297,0,0,.0194892396838128,.0113074146090526,7.573094411210013,7.74999999999999,.0073997652686305,.0033836039406787,.7435316624300601,.8725888954847995,.153724151325189,.0144908667816033,.0098667244245019,.0275776016285974,4.467793788947205,4.47036660760193,5.159999999999997,.018417645,2.198075696208202,.0023565609,.0035667631,-.00020935679,.0018761283,.0025659178,.0016906349,-.071213998,.41695455,.40479872
436,2019q2,7,2019,6,2019q2,ПУБЛИЧНОЕ АКЦИОНЕРНОЕ ОБЩЕСТВО «БАНК „САНКТ-ПЕТЕРБУРГ“,610210093.0778621,73460089.85208638,897460.0168528879,405328853.4462041,3265254.339660687,.005351032991262,116915090.9946496,58010150.01200603,536750003.2257758,3681604.996564778,2328924.527259953,8465117.829019343,5222382.690975713,.120384914450625,533944131.2569742,369597671.2734054,23905050.38066485,14379878.38726145,0,0,.0208845675728408,.0097807661612116,7.618170305415228,7.708292995124966,.0060333400550538,.0038165945691147,.664244754461124,.8750168791273066,.1915980943627744,.0138724644594484,.0085583354818573,.039175114688925,4.467793788947205,4.47036660760193,4.989999999999995,.018524315,2.198075696208202,.0018375231,.0032989613,-.00042898394,.0022330296,.0022665071,.0010659317,.0045089722,.70782989,.73355138
436,2019q3,8,2019,9,2019q3,ПУБЛИЧНОЕ АКЦИОНЕРНОЕ ОБЩЕСТВО «БАНК „САНКТ-ПЕТЕРБУРГ“,608689936.6985588,74769791.78143032,1371997.809095773,447947933.2099781,2998793.505081814,.0049266355894543,69775842.58870715,57055336.9872603,533920144.9171285,3434889.529531244,2439401.347874172,9275153.298153399,5189570.310506172,.1228372399040639,531627731.8707985,384228219.8971834,31612842.16621961,11096888.02081211,0,0,.0207058736306427,.0097616621545382,7.056934150568295,7.264993658151586,.0056430857854519,.0040076255590903,.7359213717900106,.8733966175854099,.1146328177645924,.0152378949263732,.0085258027077852,.0519358712215333,4.467793788947205,4.47036660760193,4.290000000000006,.017193791,2.198075696208202,.0013688235,.0030722418,-.00012640934,.0020785902,.0014952328,.00099365157,.1079163,.59863216,.83939475
436,2019q4,9,2019,12,2019q4,ПУБЛИЧНОЕ АКЦИОНЕРНОЕ ОБЩЕСТВО «БАНК „САНКТ-ПЕТЕРБУРГ“,621938542.6354455,72614545.94244848,2056300.010523294,455023357.3624679,4884085.180533589,.0078530029025656,91697760.7961688,41565142.24661154,549323996.692997,5326204.737940329,2791600.700943074,9822854.740289252,4818325.613601079,.1167551791126284,544801422.0580488,384122885.4310681,36598108.10788262,14432212.15965173,0,0,.0215875835412652,.0088441869248419,6.466480056414547,6.599650321330652,.0085638762881147,.0044885475164696,.7316210946411528,.8759730820821452,.1474386205550188,.0157939315011178,.0077472696790644,.0588452163662333,4.467793788947205,4.47036660760193,3.439999999999998,.015788341,2.198075696208202,.0025332328,.0043609063,-.0002751869,.0024667613,.0028084198,.001894145,.16082494,.47027871,.85259694
485,2017q4,1,2017,12,2017q4,АКЦИОНЕРНЫЙ КОММЕРЧЕСКИЙ БАНК «ЧЕЛИНДБАНК» (публичное акционерное общество),49932380,9201846,177716,25500708,1378553,.0276083975969101,9439682,4337740,40730534,1446245,388857,1492426,529703,.1842861485873495,38215992,38171150,2083411,325629,8554,.0262691590736697,.0585248848777061,.0138607680261185,7.938469967958506,8.2497289405987,.0289640710096334,.0077876720476773,.5107048372218589,.7653549059748403,.1890493102872325,.0298889418048969,.010608406809369,.0417246484145158,3.686993952164698,3.68332944412253,2.569999999999993,.019281318,1.826705251293492,.0073495097,.010327665,-.00031782687,.0034987619,.0076673366,.0068289032,1.1717182,-.068070337,1.718534
485,2018q1,2,2018,3,2018q1,АКЦИОНЕРНЫЙ КОММЕРЧЕСКИЙ БАНК «ЧЕЛИНДБАНК» (публичное акционерное общество),48964337.95837462,9357523.29038652,346217.046580773,24407809.71258672,1011796.828543112,.0206639540271791,9809021.803766103,4049571.853320119,39606814.6679881,1074189.296333003,321162.5371655104,1414240.832507433,495829.5341922695,.1911089515463581,37373973.2408325,36928198.2160555,1945127.849355798,422579.7819623389,29995.04459861248,.0709807848811984,.0579421443038427,.0132667065125031,7.134349393911887,7.58470439501564,.0219381970863405,.0065591111931001,.4984813586846859,.7632896675250612,.2003299179109684,.0288830788176836,.0101263400030811,.0397253987383508,2.862989207274794,2.87829723647867,2.239999999999995,.01737763,2.806340848208899,.0055700503,.0079911742,-.00035737423,.0030044119,.0059274244,.0049867621,1.486248,-.047982041,2.0187428
485,2018q2,3,2018,6,2018q2,АКЦИОНЕРНЫЙ КОММЕРЧЕСКИЙ БАНК «ЧЕЛИНДБАНК» (публичное акционерное общество),50107533.09272553,9410537.695864864,257068.9247004547,24753025.26617262,1166475.792672988,.0232794496291484,9111598.424392225,4793046.04100401,40696995.39686067,1240104.643013982,368716.9717545063,1474257.900937868,483371.7990686238,.1878068448999549,38512996.1359049,38080122.75038213,2045842.31722532,1094316.008486456,13637.40583707645,.0124620363142985,.0595586957588001,.0125508749660218,6.984828947426447,7.250000000000001,.0247488664173335,.0073585137602401,.4939980824912372,.7686069091574598,.1818408902216545,.0294218815005262,.0096466892148558,.0408290368923057,2.862989207274794,2.87829723647867,2.370000000000005,.017022472,2.806340848208899,.0049417284,.0099934321,-.0003152912,.0032692074,.0052570198,.0067242244,1.673252,-.11686723,2.3445108
485,2018q3,4,2018,9,2018q3,АКЦИОНЕРНЫЙ КОММЕРЧЕСКИЙ БАНК «ЧЕЛИНДБАНК» (публичное акционерное общество),51125394.50132863,9630767.628597848,297109.9049124513,25519440.17742941,1179428.682120064,.0230693316623584,9429752.984706055,4463149.175526335,41494626.87273078,1257876.672438108,389835.672717962,1470761.895950119,491189.0167113809,.1883754193495283,39207599.16417126,38736587.21381927,2035672.077094706,634309.2869980383,30938.42788394235,.0487749880351949,.0576330000080068,.0125279034468461,7.079323134017357,7.288423662270072,.0246037548405699,.0076250887943335,.4991539024068796,.76689088752464,.1844436229134818,.0287677368614123,.0096075349931748,.039817239494197,2.862989207274794,2.87829723647867,2.980000000000004,.017246969,2.806340848208899,.0053969547,.0096149445,-.00033306875,.0034196102,.0057300236,.0061953343,1.5082917,-.078846872,2.1566014
485,2018q4,5,2018,12,2018q4,АКЦИОНЕРНЫЙ КОММЕРЧЕСКИЙ БАНК «ЧЕЛИНДБАНК» (публичное акционерное общество),51067785.07481379,9668468.852538373,146936.5143322184,25280532.70623078,1528379.460724264,.0299284462501204,8531587.645174881,4395075.909427807,41399316.22227542,1610060.48997822,465915.7302289814,1599470.817845256,485563.4228254975,.1893261835886198,39199155.87966241,38556122.10682479,2213112.474329094,304351.0278912722,19892.21775304088,.0653594564502252,.0632688731852174,.0123870887504856,7.321223748417882,7.53902423028483,.0315279091822662,.0091234763666844,.4950387542595602,.7675906801565026,.1670639843235063,.0313205441650161,.0095082138791442,.0433367625223398,2.862989207274794,2.87829723647867,3.870000000000005,.017820993,2.806340848208899,.005499362,.013254139,-.00026918558,.0039669261,.0057685478,.009287212,1.6820731,-.17778231,2.4848061
485,2019q1,6,2019,3,2019q1,АКЦИОНЕРНЫЙ КОММЕРЧЕСКИЙ БАНК «ЧЕЛИНДБАНК» (публичное акционерное общество),49591160.13470046,10124143.72173295,700886.9234629723,25600430.11722137,1078770.656092074,.0217532853266973,13175421.54221495,4490374.809155745,39467016.41296751,1152059.700159492,340352.2923301665,1457133.192630564,481861.4682116709,.204152185474862,37628561.1478231,36831135.85739332,2701736.828717518,415090.0009816997,0,0,.0569183090267828,.0128057372780927,7.573094411210013,7.74999999999999,.0232311504112879,.0068631645520229,.5162297080303221,.7587755770507422,.2656808492970847,.0293829220504758,.009716680692745,.0544802102104288,4.467793788947205,4.47036660760193,5.159999999999997,.018417645,2.198075696208202,.0091083432,.0061506862,-.00062131829,.0034262661,.009729661,.00272442,1.0221583,.18592779,1.5257289
485,2019q2,7,2019,6,2019q2,АКЦИОНЕРНЫЙ КОММЕРЧЕСКИЙ БАНК «ЧЕЛИНДБАНК» (публичное акционерное общество),50469177.9909282,10046863.56112008,86837.89039245612,26152094.88531835,1152033.962501062,.0228264855573463,13009502.99168288,4610121.986599885,40422314.42980811,1236679.255250073,380570.30337025,1473999.223106693,501000.6207175321,.199069292607183,38610680.39335889,37596658.63471965,2076606.705731472,706613.4032232764,0,0,.056362567877275,.0129757003920528,7.618170305415228,7.708292995124966,.0245036536056198,.0075406479463299,.5181795290983175,.7650348575183676,.2577712479093939,.0292059288814183,.0099268631006351,.0411460378075652,4.467793788947205,4.47036660760193,4.989999999999995,.018524315,2.198075696208202,.009128999,.00683193,-.00065186183,.0037134942,.0097808605,.0031184359,.99124599,.15099779,1.4767612
485,2019q3,8,2019,9,2019q3,АКЦИОНЕРНЫЙ КОММЕРЧЕСКИЙ БАНК «ЧЕЛИНДБАНК» (публичное акционерное общество),52020086.29136787,10272153.09075266,198608.8821267725,27007859.39481062,1381167.315718558,.0265506540681719,13589075.3826435,4715403.151456534,41747933.20061521,1472649.636702693,410254.942083356,1649440.934230507,529402.5425891099,.1974651297811708,39818925.42118551,38796449.38565128,2286280.757989261,1036129.987952179,40259.23809368911,.0388553932053043,.0610726274199812,.013295249356665,7.056934150568295,7.264993658151586,.0283092501702955,.0078864717714133,.519181364743185,.7654528906037781,.2612274671466366,.0317077700523579,.0101768870513573,.0439499608897927,4.467793788947205,4.47036660760193,4.290000000000006,.017193791,2.198075696208202,.010703273,.0078985412,-.00070757093,.0039174166,.011410844,.0039811246,1.1350605,-.0047801374,1.4719663
485,2019q4,9,2019,12,2019q4,АКЦИОНЕРНЫЙ КОММЕРЧЕСКИЙ БАНК «ЧЕЛИНДБАНК» (публичное акционерное общество),54090992.46309535,10425344.39327715,132898.5294601837,26984388.16899225,1546119.101226661,.0285836704194609,15278735.69490268,4819039.511321384,43665648.0698182,1639564.310519611,426700.4835676728,781067.3981187281,217262.2523685038,.1927371622990658,41497234.4711543,40443374.37491598,1398819.756214259,659980.2924794889,24309.75314069557,.0368340591646547,.0289451587053677,.0052355838922116,6.466480056414547,6.599650321330652,.0303112262478496,.0078885682095554,.4988702728537082,.7671745808595879,.2824635858794216,.0144398792211407,.0040166068780627,.0258604934484911,4.467793788947205,4.47036660760193,3.439999999999998,.015788341,2.198075696208202,.011138216,.0094699208,-.00091605942,.0040410929,.012054275,.0054288278,.039599117,.48046994,.6741119
493,2017q4,1,2017,12,2017q4,АКЦИОНЕРНЫЙ ЧЕЛЯБИНСКИЙ ИНВЕСТИЦИОННЫЙ БАНК «ЧЕЛЯБИНВЕСТБАНК» (ПУБЛИЧНОЕ АКЦИОНЕРНОЕ ОБЩЕСТВО),46407757,7546049,93174,28585849,1509262,.032521761394329,10220337,4647089,38861708,1691743,1275971,896262,431071,.1626031829118567,37208123,36991496,1567108,590598,308862,.522964859345951,.0313533454962279,.0115854003170222,7.938469967958506,8.2497289405987,.036453884207332,.0274947785129973,.6159713558231225,.8017651661122084,.2202290664468011,.0193127627349023,.0092887704096537,.0337682340475968,3.686993952164698,3.68332944412253,2.569999999999993,.019281318,1.826705251293492,.013978269,.0064187553,-.00067765394,.011901221,.014655923,-.005482466,-.076137461,2.1593521,.19480811
493,2018q1,2,2018,3,2018q1,АКЦИОНЕРНЫЙ ЧЕЛЯБИНСКИЙ ИНВЕСТИЦИОННЫЙ БАНК «ЧЕЛЯБИНВЕСТБАНК» (ПУБЛИЧНОЕ АКЦИОНЕРНОЕ ОБЩЕСТВО),46382560.95143706,7981970.267591674,503229.9306243805,21766760.15857284,1122487.611496531,.0242006389572103,16576820.61446977,5293519.326065411,38400590.68384539,1232148.662041625,1162896.92765114,708918.7314172448,427238.8503468781,.1720898998213761,36949049.55401387,36783783.9444995,1422362.735381566,405012.8840436075,218042.6164519326,.5383597042025361,.0325688676795585,.011562918546046,7.134349393911887,7.58470439501564,.0265649122594092,.0250718568314652,.4692875880950779,.7966151242209295,.3573933882569754,.0152841653603277,.0092111957939149,.0306658948148808,2.862989207274794,2.87829723647867,2.239999999999995,.01737763,2.806340848208899,.008790574,.0091518024,-.0042740661,.012903661,.01306464,-.0037518591,.069856755,1.2247468,.32245624
493,2018q2,3,2018,6,2018q2,АКЦИОНЕРНЫЙ ЧЕЛЯБИНСКИЙ ИНВЕСТИЦИОННЫЙ БАНК «ЧЕЛЯБИНВЕСТБАНК» (ПУБЛИЧНОЕ АКЦИОНЕРНОЕ ОБЩЕСТВО),46736229.27003495,7570476.438356003,-190368.6139998278,18605606.14473695,1518706.468617981,.0324952717054498,21197731.20482842,4188372.331580588,39165752.83167895,1679602.555822062,1447631.322059509,604680.5742185363,409688.0303667154,.1619830387816467,37556649.76031078,37408958.59685156,1407812.568341487,299174.6358765569,104845.0350957747,.3504476065913389,.0324999126346434,.0109085350525506,6.984828947426447,7.250000000000001,.0359379133074166,.0309744997546831,.3980981443161907,.803587502605614,.4535610068658106,.0129381549102899,.0087659624399649,.0301225107444453,2.862989207274794,2.87829723647867,2.370000000000005,.017022472,2.806340848208899,.0078414986,.016900335,-.0089925872,.01707417,.016834086,-.00017383508,-.040070377,.58574265,.17147954
493,2018q3,4,2018,9,2018q3,АКЦИОНЕРНЫЙ ЧЕЛЯБИНСКИЙ ИНВЕСТИЦИОННЫЙ БАНК «ЧЕЛЯБИНВЕСТБАНК» (ПУБЛИЧНОЕ АКЦИОНЕРНОЕ ОБЩЕСТВО),45186046.31518678,7480077.418969858,-31061.02567346264,16191755.69048897,1327424.647035977,.0293768708547054,21237267.7181966,4899290.811744775,37705968.89621693,1465417.216126032,1242316.483152326,557940.5941101915,405128.2874631242,.1655395421585235,35945186.36118329,35773138.85055982,1400464.712638515,420579.5009359992,55390.84890326352,.1317012569086017,.0344583135254397,.0112707243577019,7.079323134017357,7.288423662270072,.0324307465606592,.0274933654183148,.3583353050529453,.7954930624036985,.4699961481484799,.0123476302887485,.0089657830348163,.0309933005173729,2.862989207274794,2.87829723647867,2.980000000000004,.017246969,2.806340848208899,.0031724323,.018000865,-.0097517269,.015512546,.012924159,.0024883198,.14209564,.25350052,.42419839
493,2018q4,5,2018,12,2018q4,АКЦИОНЕРНЫЙ ЧЕЛЯБИНСКИЙ ИНВЕСТИЦИОННЫЙ БАНК «ЧЕЛЯБИНВЕСТБАНК» (ПУБЛИЧНОЕ АКЦИОНЕРНОЕ ОБЩЕСТВО),44618876.91230628,7723119.126183691,413197.4542586832,18531482.42915612,1777775.866430249,.0398435816733864,19048498.14091399,4358531.913594413,36895757.78612259,1971185.638266716,1489918.734234802,565231.4516767242,365255.1204203521,.1730908454142105,35286013.06091342,35014350.42550168,1475753.603710762,381380.3029864574,27104.74717305648,.0710701285850595,.0305011460274451,.0103512720405624,7.321223748417882,7.53902423028483,.0441782889816092,.0333921164614493,.4153283029865993,.7908314933669078,.4269156791721095,.0126679892187252,.0081861119260851,.0330746470067187,2.862989207274794,2.87829723647867,3.870000000000005,.017820993,2.806340848208899,.012270137,.018526483,-.0084101064,.018211327,.020680243,.00031515583,-.20778789,.67075557,-.017091308
493,2019q1,6,2019,3,2019q1,АКЦИОНЕРНЫЙ ЧЕЛЯБИНСКИЙ ИНВЕСТИЦИОННЫЙ БАНК «ЧЕЛЯБИНВЕСТБАНК» (ПУБЛИЧНОЕ АКЦИОНЕРНОЕ ОБЩЕСТВО),44671551.75868843,8306879.299688514,748749.4063816117,22033235.42920874,1680241.676494999,.0376132372918565,16059996.42992969,4007574.58367291,36364672.45899992,1797047.209728712,1565358.899117887,562955.5815185537,367821.3103128928,.1859545722647268,35482980.50809986,35213738.13653297,2402885.902013738,332251.2694931664,0,0,.0255502912101716,.0103661334263881,7.573094411210013,7.74999999999999,.0402280005726283,.0350415160765807,.4932274470390067,.7943082143144619,.3595128397751728,.0126021049046961,.0082339049312598,.053790070132193,4.467793788947205,4.47036660760193,5.159999999999997,.018417645,2.198075696208202,.015463809,.011483031,-.0052939337,.017900709,.020757742,-.0064176777,-.34779736,3.6645186,-.17907746
493,2019q2,7,2019,6,2019q2,АКЦИОНЕРНЫЙ ЧЕЛЯБИНСКИЙ ИНВЕСТИЦИОННЫЙ БАНК «ЧЕЛЯБИНВЕСТБАНК» (ПУБЛИЧНОЕ АКЦИОНЕРНОЕ ОБЩЕСТВО),45285811.76692343,7651270.799676437,-791078.3928852897,20894624.09255733,1903566.189709041,.0420344941481075,17684789.12971999,4057786.367796595,37634540.96724699,2068196.921331691,2029343.941615793,573318.0402228738,393653.9548386948,.1689551429276772,36675193.08354808,36128899.95369145,1818446.31681394,874600.7617453281,0,0,.0274385429325378,.0107335209917486,7.618170305415228,7.708292995124966,.0456698652544039,.0448119148677383,.4613944915042613,.809860564547404,.3905150076748075,.0126599925639761,.0086926553699589,.0401548795497606,4.467793788947205,4.47036660760193,4.989999999999995,.018524315,2.198075696208202,.014537084,.016290845,-.0086257216,.023159567,.023162805,-.0068687219,-.34179807,3.7930863,-.19051571
493,2019q3,8,2019,9,2019q3,АКЦИОНЕРНЫЙ ЧЕЛЯБИНСКИЙ ИНВЕСТИЦИОННЫЙ БАНК «ЧЕЛЯБИНВЕСТБАНК» (ПУБЛИЧНОЕ АКЦИОНЕРНОЕ ОБЩЕСТВО),46376804.0903767,8382207.39087416,726607.1194887235,25928231.40235713,2845738.231719096,.0613612405497686,13227237.7122758,4577246.57680614,37994596.69950254,2986776.198091395,2795011.554397321,634851.4022045507,428850.5559518289,.1807413761099051,37072144.519869,36530061.24104262,3614885.069019234,952805.7005900057,0,0,.0244849481768678,.0115679996802447,7.056934150568295,7.264993658151586,.0644023721917302,.0602674463930405,.5590775800727783,.7993682455484586,.2852123593186639,.0136889855749306,.0092470916089023,.0779459719124831,4.467793788947205,4.47036660760193,4.290000000000006,.017193791,2.198075696208202,.025676683,.014045285,-.0048709535,.028539086,.030547636,-.014493801,-.48713413,-6.8766098,-.41862568
493,2019q4,9,2019,12,2019q4,АКЦИОНЕРНЫЙ ЧЕЛЯБИНСКИЙ ИНВЕСТИЦИОННЫЙ БАНК «ЧЕЛЯБИНВЕСТБАНК» (ПУБЛИЧНОЕ АКЦИОНЕРНОЕ ОБЩЕСТВО),49063536.70192668,8699400.320133211,530075.1073067881,22490952.10253408,2702958.245544219,.0550909784992747,19950815.59089603,4311416.347703234,40364136.38179347,2881800.328292475,2564750.625345291,623571.5087439583,409109.0012811598,.1773088714126797,39380157.28548049,38332740.88405008,3681056.760635702,993635.7962453861,0,0,.0277254384741542,.0103887091744044,6.466480056414547,6.599650321330652,.0587360904249552,.052274067418474,.4584046241748179,.8026359274653364,.4066322350975685,.0127094692038267,.0083383512233657,.0750263231735422,4.467793788947205,4.47036660760193,3.439999999999998,.015788341,2.198075696208202,.020162141,.020999521,-.010789603,.027920233,.030951744,-.0069207121,-.40681669,3.552582,-.32933879
538,2018q3,4,2018,9,2018q3,Промышленный сельскохозяйственный банк (Общество с ограниченной ответственностью),1287411.063732544,364026.8920272814,34870.31413355744,654266.4557349487,50131.79293217479,.0389400047462925,0,305936.9457579124,923384.1717052629,53907.9994490657,6006.318688164799,17218.17843929439,10835.30939760298,.2827588656663175,863204.2250240718,841131.7579187715,21632.67186035444,34051.04954009644,6083.185556197363,.1786489884558235,.0263167678678451,.0125524285950996,7.079323134017357,7.288423662270072,.0418731832960734,.0046654241658844,.5082032259673596,.6704961991870843,0,.013374266327473,.0084163556635816,.0168032359436431,2.862989207274794,2.87829723647867,2.980000000000004,.017246969,2.806340848208899,,,,,,,,,
538,2018q4,5,2018,12,2018q4,Промышленный сельскохозяйственный банк (Общество с ограниченной ответственностью),1225821.938213329,355889.9994649448,-6257.533533115507,744980.5464616672,52657.62602990031,.0429569943140766,0,162124.9922632898,869931.9387483842,55230.91635821074,17983.18867670734,19871.03840877495,9368.971745273864,.2903276474099205,804523.3847729277,790196.5210744932,25165.87447525731,63360.89646392773,4942.488793694618,.0780053482435882,.0266732312718147,.0116453690751552,7.321223748417882,7.53902423028483,.045056230955298,.0146703106838815,.6077396098388465,.6563134168944177,0,.016210379166274,.0076430119687117,.0205297961235196,2.862989207274794,2.87829723647867,3.870000000000005,.017820993,2.806340848208899,,,,,,,,,
538,2019q3,8,2019,9,2019q3,Промышленный сельскохозяйственный банк (Общество с ограниченной ответственностью),1302412.385630403,371776.0457660253,-7494.604375110345,576364.1889530203,55517.1776780771,.042626420241854,0,408180.6759571271,930636.3398643774,58531.06863071735,24592.60369900501,21684.15227504847,9807.742353932375,.2854518659894928,894112.273746979,893572.0127991218,92313.70700233961,322708.4081079634,4524.568801657129,.0140206102102658,.0376223101480997,.0109692514485131,7.056934150568295,7.264993658151586,.0449405036964438,.0188823478418485,.4425358629202872,.6865047381396057,0,.016649221486444,.007530443093249,.0708790149885263,4.467793788947205,4.47036660760193,4.290000000000006,.017193791,2.198075696208202,,,,,,,,,
538,2019q4,9,2019,12,2019q4,Промышленный сельскохозяйственный банк (Общество с ограниченной ответственностью),1340138.666677989,435062.4876344471,60833.95189228586,863189.8358764703,48973.1974596385,.0365433806794307,84761.16010071916,71711.817155909,905076.1790435421,55882.27539682294,108629.7300348641,22158.75231719655,9265.778103822055,.3246399036548243,861359.9494121695,860821.0357484716,126240.7584128065,29903.65835455499,3435.458260292035,.1148842131474104,.0256707752990359,.0107571499117708,6.466480056414547,6.599650321330652,.0416988754867786,.0810585745609009,.6441048656675161,.642739420053715,.0632480520175049,.0165346712755665,.0069140442957225,.0941997731665628,4.467793788947205,4.47036660760193,3.439999999999998,.015788341,2.198075696208202,.013297862,-.020867366,.025360227,-.0049614441,-.012062364,-.015905922,5.889677,-4.0664282,-20.667862
554,2018q1,2,2018,3,2018q1,Акционерное общество коммерческий банк «Солидарность»,27044863.2309217,10063034.68780971,-28763.1318136769,12929571.85332012,232945.4905847373,.0086132988950892,9000330.029732408,2761500.495540138,16981828.54311199,235571.8533201189,50487.61149653122,199985.1337958374,251230.921704658,.3720867287028524,16806314.17244796,16575172.44796828,362999.0089197225,1842649.157581764,39157.58176412289,.0212506985407423,.0154672665162137,.0149486031932286,7.134349393911887,7.58470439501564,.0087104102286891,.0018668096438664,.478078655562847,.6214235224244909,.3327925881112201,.0073945699813037,.0092894136516621,.013422105551811,2.862989207274794,2.87829723647867,2.239999999999995,.01737763,2.806340848208899,.0063656582,-.0007300966,-.00018010112,.0010856042,.0065457593,-.0018157008,-.35346675,.32321319,-.28040355
554,2018q2,3,2018,6,2018q2,Акционерное общество коммерческий банк «Солидарность»,28558484.22970232,9548467.120671526,-35185.99770088205,14375139.87020045,570207.5345245256,.0199663094840125,9046766.318647705,2872017.467176963,19010017.10903079,573245.6967051141,109597.4346849069,289684.5469735374,280030.6836727909,.3343478261616077,18871245.27579511,18644064.68833732,451104.319976338,1875728.77155276,54870.30734864549,.0292527939970889,.0201517724063368,.0148390145737742,6.984828947426447,7.250000000000001,.0200726933577556,.0038376488683149,.5033579427597754,.6607929581979713,.3167803391063239,.0101435547014169,.0098055163369471,.0157958075207355,2.862989207274794,2.87829723647867,2.370000000000005,.017022472,2.806340848208899,.012939355,-.00042795774,-.00031606972,.0020808412,.013255425,-.0025087991,-.33443949,.38054943,-.28271315
554,2018q3,4,2018,9,2018q3,Акционерное общество коммерческий банк «Солидарность»,30142545.41333819,9154915.984554788,-29233.73481061257,15291000.5409335,360582.4779407589,.0119625755886296,9428030.777662795,3025087.80743493,20987629.4287834,364652.5299531667,78188.19976406074,251916.0785026217,310896.3182435071,.3037207329047832,20762549.61720744,20261871.92078652,430907.878203919,1905817.666032808,68044.69217875083,.0357036737519566,.0164747936427215,.0149738988696188,7.079323134017357,7.288423662270072,.0120976024072541,.0025939481451179,.507289624391415,.688812087117896,.3127815069490069,.0083574918789422,.0103142025326744,.014295669867789,2.862989207274794,2.87829723647867,2.980000000000004,.017246969,2.806340848208899,.007020039,.00055776053,-.00022012615,.0013586509,.007240165,-.00080089032,-.32720613,.21688835,-.25836203
554,2019q1,6,2019,3,2019q1,Акционерное общество коммерческий банк «Солидарность»,31558991.13760099,8282901.403123851,-503865.7124411772,17148445.89969403,412866.5788906604,.0130823757036628,9436823.53738758,2965809.437601348,23276089.73447714,417074.9636454255,59176.58159639969,652013.1086648564,372605.5792972574,.2624577372264343,23160287.05037648,22755185.01204791,911452.252945232,1723858.073563646,87311.96643727135,.050649161770479,.0380217025192055,.0160881244039331,7.573094411210013,7.74999999999999,.0132157254909363,.0018751100546397,.543377506109899,.7338728589071447,.299021711316496,.0206601378929384,.0118066378507682,.0288809058873647,4.467793788947205,4.47036660760193,5.159999999999997,.018417645,2.198075696208202,.0067953733,.0010179207,-.0001274313,.00091171311,.0069228048,.00010620756,.50043517,.1372896,.65233237
554,2019q2,7,2019,6,2019q2,Акционерное общество коммерческий банк «Солидарность»,32770081.39085909,7669335.674253039,-865679.9628969041,17863770.30548451,520880.6709316345,.0158950069338836,8879460.862431418,3695538.781759483,25100746.65081894,526243.9871101666,128642.9828281173,287431.1470617168,413108.9381896667,.2340346849548054,24940643.11484185,24623069.58901331,539256.6383992753,2171536.748142469,85851.36158483899,.0395348417005957,.0160901725753533,.0165636842758008,7.618170305415228,7.708292995124966,.016058671958531,.0039256229270154,.545124380144733,.7610796817184229,.2709624293123746,.0087711453515612,.012606283556711,.0164557613381362,4.467793788947205,4.47036660760193,4.989999999999995,.018524315,2.198075696208202,.0069371383,.0023689007,-.00022561138,.0018013631,.0071627498,.00056753762,-.37360796,.081318967,-.32184616
843,2018q1,2,2018,3,2018q1,Акционерное общество «Дальневосточный банк»,41467989.09811694,6970986.124876115,922079.2864222,25138639.24677899,487301.2884043607,.0117512640232292,6243886.025768086,7784003.964321109,34497002.97324083,635719.5242814667,434836.471754212,693911.7938553022,173182.3587710604,.1681052367497768,26781243.80574826,25909144.69772051,1213865.21308226,3583108.027750247,36440.03964321109,.0101699528345203,.0276033951974633,.0064665539818539,7.134349393911887,7.58470439501564,.015330367787483,.0104860756745486,.6062179477113959,.6458293345833931,.1505712276280023,.0167336735864728,.0041762902551483,.0292723433058243,2.862989207274794,2.87829723647867,2.239999999999995,.01737763,2.806340848208899,.0083825402,-.00067464786,.00046139763,.0048341998,.0079211425,-.0055088475,.09109623,17.145048,.91854167
843,2018q2,3,2018,6,2018q2,Акционерное общество «Дальневосточный банк»,39881953.96389941,6614504.684438117,-283362.0706732618,25876902.06310629,740174.9581296532,.0185591447901386,6061567.993736168,5756671.06078933,33267449.2794613,922486.2640353187,493096.271690546,724662.482541355,185220.9983491148,.1658520716017443,25722264.70767643,25144456.86427535,1295842.856602079,1634966.67730383,51084.86318561406,.0312452014434058,.0280042209370392,.0072008044569201,6.984828947426447,7.250000000000001,.0231304179547055,.0123638945107075,.6488373685634786,.6449599919542525,.151987738595331,.0181701850214588,.0046442307845993,.0324919600924031,2.862989207274794,2.87829723647867,2.370000000000005,.017022472,2.806340848208899,.013422919,-.0032147658,.00064012286,.0056167319,.012782795,-.0088314973,-.060427114,-11.438797,.40136018
843,2018q3,4,2018,9,2018q3,Акционерное общество «Дальневосточный банк»,52909709.00096186,8479945.097365852,1917271.802367989,38263416.18017405,629130.0168899707,.0118906346069402,6033592.804339746,6566838.700846564,44429763.90359601,829884.870227779,531006.0543522491,863611.9113241432,193761.9143435039,.1602720040893004,26729252.67838558,26493232.47359243,1458227.731469163,1488290.460856532,176878.4473295666,.1188467251397758,.0225701727011928,.0072490584257968,7.079323134017357,7.288423662270072,.0156849259974704,.0100360796605892,.723183266411056,.5051861592718203,.1140356452202385,.0163223712175103,.0036621239844653,.0275606832659513,2.862989207274794,2.87829723647867,2.980000000000004,.017246969,2.806340848208899,.012798756,-.011153017,.00096700469,.0054789614,.011831752,-.016631979,-.22382513,-2.8381236,.18287285
843,2018q4,5,2018,12,2018q4,Акционерное общество «Дальневосточный банк»,43272721.64155367,7610648.143854406,-317124.0978785609,34242908.21377467,317082.7018874956,.0073275423837222,1148734.901270146,5835503.329600465,35662073.49769927,532905.0334446495,549072.5746992867,791914.9360524333,191105.0741013476,.1758763455392669,25454856.03809378,25346980.01077273,1054524.364487959,887559.8920599039,-250876.0717122003,-.2826581889926905,.02312639251049,.007507607735646,7.321223748417882,7.53902423028483,.0123150338880676,.01268865358753,.7913278137997241,.5882425480178289,.0265463982317915,.0183005576264003,.0044162943039348,.0243692636951064,2.862989207274794,2.87829723647867,3.870000000000005,.017820993,2.806340848208899,.0042126589,-.0012962463,.003130106,.002261637,.0010825528,-.0035578832,.2233891,3.5119586,1.6921957
843,2019q1,6,2019,3,2019q1,Акционерное общество «Дальневосточный банк»,40124654.52504031,8873520.163265552,54530.8641369961,32647443.43494748,721900.5714153771,.0179914464052236,1423745.102697127,4667130.7389654,31251133.41924737,898913.8111999599,1032512.354775363,831951.0109117094,371567.8566511215,.2211488240410374,30895807.19442024,30501657.32425525,2205295.404454008,1227752.189047661,8565.688835678591,.0069767245475838,.0254828839069569,.012026481597096,7.573094411210013,7.74999999999999,.0224030293055603,.0257326166915907,.8136504555964069,.7699955939842251,.0354830495003669,.0207341601008058,.0092603378408963,.0549611063461684,4.467793788947205,4.47036660760193,5.159999999999997,.018417645,2.198075696208202,.0034171543,.0043077264,.0052141515,.0043871268,-.0017969972,-.000079400372,.5332064,.54160208,1.4911211
843,2019q2,7,2019,6,2019q2,Акционерное общество «Дальневосточный банк»,39604031.75768247,8924281.59406309,265707.8948235342,29708785.34268304,612630.6526786842,.0154688961070193,1693090.829131661,6805538.150321427,30679750.16361938,813660.1867657073,630514.2899554024,764242.1935220235,348580.0515149158,.2253377042182565,30200648.4271626,30017732.34672225,3777799.029010534,3224287.236183769,191.5136416302164,.0000593972024207,.0257244510237188,.0115421379893751,7.618170305415228,7.708292995124966,.0205448826963904,.015920457134597,.7501454782295004,.7625649987341052,.0427504664043007,.0192970806153789,.0088016304412567,.0953892536023863,4.467793788947205,4.47036660760193,4.989999999999995,.018524315,2.198075696208202,.0031032381,.0046245381,.0030316266,.0032048842,.000071611488,.0014196539,.38333794,.42914772,1.2149997
963,2018q3,4,2018,9,2018q3,Публичное акционерное общество «Совкомбанк»,840669979.7225667,95375769.62190489,8959651.760790495,356910255.7553445,10713364.4899618,.0127438409225667,217569398.988072,73054256.78317413,745294210.1006619,11965135.59788213,12353672.31783018,14839588.66893147,8264615.702050072,.1134520940707081,721957993.3050064,561989581.6817633,25051624.5265899,13762563.19600239,403952.9054810566,.0293515749739404,.0415779273070364,.0114475021797543,7.079323134017357,7.288423662270072,.0142328569908382,.0146950320765672,.4245545390750483,.8587888359511339,.2588047679065132,.0176520977635347,.0098309870714992,.029799594526805,2.862989207274794,2.87829723647867,2.980000000000004,.017246969,2.806340848208899,-.0003077038,.013298558,-.0051968433,.010022858,.0048891394,.0032756999,.87828529,.17141427,1.5450718
963,2018q4,5,2018,12,2018q4,Публичное акционерное общество «Совкомбанк»,933697702.4453919,97347612.59057945,-560962.8511096728,416839511.0978029,7553283.889910136,.0080896460065477,226069861.0104772,88445373.90568374,836350089.8548124,8433563.863727359,8103426.021494852,5515160.93409095,4324044.239549746,.1042603107361431,815223876.8620665,606247510.3359532,9637358.321206655,24348690.65610069,-301008.5422871219,-.0123624118659417,.0132308977130456,.005304118736308,7.321223748417882,7.53902423028483,.0090324350607692,.008678853980546,.4464394739390312,.8731132942996029,.2421231844293834,.0059067950147532,.0046310965832141,.0103217115089456,2.862989207274794,2.87829723647867,3.870000000000005,.017820993,2.806340848208899,-.000039342045,.0082967356,-.0027934606,.0058057508,.0027541185,.0024909847,-.3569465,1.2861779,.64190966
963,2019q1,6,2019,3,2019q1,Публичное акционерное общество «Совкомбанк»,910138911.7297989,134062060.6332043,32809292.3517042,439952576.3665329,12419875.57089121,.0136461318275978,350921171.3665859,87418652.996546,776076851.0965946,13647815.32288762,32305437.0070642,13607685.33460014,8803875.872579249,.1472984606035661,760105955.5500708,630743786.9650571,29068035.47713591,15316844.69366197,0,0,.0309298912327844,.0115824324336573,7.573094411210013,7.74999999999999,.014995310218029,.035495061897381,.4833905799394561,.8351537833993085,.3855688036671561,.0149512180604799,.0096731122679358,.0319380207817832,4.467793788947205,4.47036660760193,5.159999999999997,.018417645,2.198075696208202,.0050898367,.011052174,-.012557437,.026674276,.017647274,-.015622102,-.1423829,-5.5591965,.058166336
963,2019q2,7,2019,6,2019q2,Публичное акционерное общество «Совкомбанк»,927113342.6475935,141959868.0172554,-18113138.81693188,447487022.3000005,12064123.45905545,.0130125658903834,334992933.1037345,98580115.85423373,785153474.6303382,14073595.75837312,-492195.820786139,14009907.66329577,9762152.841982402,.1531202944527312,777053565.8422046,647857338.4061458,39363938.11176731,17149657.04121241,0,0,.031307964175782,.0125630371844465,7.618170305415228,7.708292995124966,.0151800164132927,-.0005308906669173,.4826670070588073,.8381430080847964,.3613289958130493,.015111321365829,.0105296217764532,.0424586038200617,4.467793788947205,4.47036660760193,4.989999999999995,.018524315,2.198075696208202,.0046887486,.011460388,.00018324316,-.00039407748,.0045055053,.011854465,.35945323,-.24135093,.83424944
963,2019q3,8,2019,9,2019q3,Публичное акционерное общество «Совкомбанк»,929668087.7393818,127287316.5756122,11586942.02424555,447948229.9336075,12714031.80100431,.0136758827894375,334497731.510039,104654076.9762729,802380771.1637696,15107406.46187512,19600038.28345918,16492336.00927202,11663270.9120808,.1369169473001156,794800468.712262,697139880.2880859,36623506.79006525,18693864.84734259,0,0,.0368175045846624,.014674464058857,7.056934150568295,7.264993658151586,.0162503227346556,.0210828343383491,.4818367284423588,.8549292798088087,.35980339211537,.0177400259584853,.0125456289894189,.0393941744081164,4.467793788947205,4.47036660760193,4.290000000000006,.017193791,2.198075696208202,.0044353395,.012472358,-.0073230392,.015342207,.011758379,-.0028698491,.27166653,.45653126,.39286965
963,2019q4,9,2019,12,2019q4,Публичное акционерное общество «Совкомбанк»,1045468575.711959,139810570.9571353,12788231.36323532,460943456.1269984,13562847.62041607,.0129729844927953,453624548.7754487,85474764.62965225,905658004.754824,14721432.88223466,13227884.39005691,18945870.98460932,11389717.82912012,.1337300557904621,897811622.856894,763819922.3875424,42692732.0612543,24736975.78413429,0,0,.0411023754275609,.0126860886394824,6.466480056414547,6.599650321330652,.0140811816100828,.0126525891809314,.4408965193555417,.8587648100713966,.4338959193168791,.0181218942632563,.010894366501034,.0408359782905773,4.467793788947205,4.47036660760193,3.439999999999998,.015788341,2.198075696208202,.0033701058,.011723403,-.0055831699,.0096378392,.0089532752,.0020855637,.66126478,.068827003,.89942622
1000,2017q4,1,2017,12,2017q4,Банк ВТБ (публичное акционерное общество),12583305118,1307091359,79919824,8924752358,161085573,.0128015311946599,1134961332,918434648,11276213759,172508787,80877993,270326620,141210544,.1038750429034936,10970187476,10063151143,337639353,140420144,11059388,.0787592697526361,.0302895373626456,.0128722088213108,7.938469967958506,8.2497289405987,.0137093383163086,.0064274045842143,.7092534333633409,.8718049330543143,.0901958047871283,.0214829583694435,.011222055149724,.0268323266291158,3.686993952164698,3.68332944412253,2.569999999999993,.019281318,1.826705251293492,.0025123586,.013724188,-.00085588318,.0047435574,.0033682417,.0089806309,.3373124,-.11767447,.86506754
1000,2018q1,2,2018,3,2018q1,Банк ВТБ (публичное акционерное общество),12754157333.00297,1387093364.717542,7809028.741328047,9336988809.712585,96511168.48364717,.0075670360623444,1109553921.704658,669581596.630327,11367063968.28543,105341148.6620416,57730535.18334985,249188433.1020812,128990746.2834489,.1087561748300113,11069344661.05054,10170990888.00793,298021741.3280475,80094875.12388502,10286423.19127849,.1284279821320427,.0266883079952788,.0116529704542786,7.134349393911887,7.58470439501564,.008259357785203,.0045264092072916,.7320741438206948,.8679009025870517,.0869954707892421,.0195378202256667,.0101136235750887,.0233666351721159,2.862989207274794,2.87829723647867,2.239999999999995,.01737763,2.806340848208899,.0016602046,.0080885822,-.00054838235,.0033332685,.002208587,.0047553135,.36260659,.059076618,.92534697
1000,2018q2,3,2018,6,2018q2,Банк ВТБ (публичное акционерное общество),13261828907.92682,1350763710.417836,50518140.02495255,9462695779.543577,111566818.8755191,.008412626919718,1120939354.046316,1008515842.083822,11911065197.50898,123243390.1339557,63897418.77819592,242141828.8245686,117620579.6358403,.1018535014888076,11576943490.18344,10444032845.49484,298431979.7853359,88336259.04363205,10537742.93774396,.1192912519935787,.0255890957995321,.0101598992631842,6.984828947426447,7.250000000000001,.0092930915479004,.0048181453117679,.7135287180403573,.8729522579848472,.0845237381532129,.018258554721652,.0088691070026953,.0225030787123907,2.862989207274794,2.87829723647867,2.370000000000005,.017022472,2.806340848208899,.0015843114,.0094249928,-.00060902518,.0035324302,.0021933366,.0058925627,.33166897,.060427487,1.0714488
1000,2018q3,4,2018,9,2018q3,Банк ВТБ (публичное акционерное общество),13498162369.65797,1369470369.45957,36648746.85828868,9936233269.532911,97489318.53929822,.0072224141234544,1047321688.46347,839485922.4873931,12128692000.1984,107151012.9198001,68394177.61074334,214563970.6118852,120098286.2205175,.1014560598661898,11847248993.29853,10275862408.45201,251429336.0882762,76008537.55617277,10376974.64248638,.1365238034584925,.021594095548239,.0101372298571974,7.079323134017357,7.288423662270072,.0079381926209942,.0050669250922988,.7361174800999735,.8776934718113579,.0775899459335077,.0158957912000078,.0088973804679133,.0186269307778854,2.862989207274794,2.87829723647867,2.980000000000004,.017246969,2.806340848208899,.0013160361,.0079745091,-.00055783399,.0036421535,.0018738701,.0043323557,.12934874,.19194631,.79784495
1000,2018q4,5,2018,12,2018q4,Банк ВТБ (публичное акционерное общество),14104577351.10361,1478923258.164123,121021092.2737178,10273418331.88723,197280042.8489348,.0139869517489298,1083827236.861184,886999783.1214472,12625654092.93949,211669310.5225515,242317731.6671252,253791517.2352192,145907238.6341879,.1048541350335751,12483038817.5464,10534963724.5073,326668728.2170839,75288670.90333666,16370565.48607294,.2174373021817739,.0247037070852538,.0116884390705489,7.321223748417882,7.53902423028483,.0150071359994342,.0171800774766332,.7283747733910927,.8850345889002954,.0768422342535759,.0179935570501417,.0103446728676894,.0231604762117543,2.862989207274794,2.87829723647867,3.870000000000005,.017820993,2.806340848208899,.002211222,.015350905,-.0019552833,.012297538,.0041665053,.0030533671,.12353421,.20887449,.55810744
1000,2019q1,6,2019,3,2019q1,Банк ВТБ (публичное акционерное общество),13454554536.91974,1193957306.181774,67496793.8884154,10420827016.42641,202483129.8595792,.0150494116549127,959959107.9030609,725890935.4490786,12260597230.73796,213896020.4872735,175344112.3909609,233730167.9973575,146256044.4368759,.0887400101508761,11977656118.15127,10062682444.34049,420894291.9479907,70980299.68524212,76405.03958796758,.0010764259932232,.0224291380740633,.0122107399806908,7.573094411210013,7.74999999999999,.0158976664667965,.0130323238803493,.7745204040632723,.8902305970282545,.071348263910849,.0173718250839145,.0108703743431672,.031282662743909,4.467793788947205,4.47036660760193,5.159999999999997,.018417645,2.198075696208202,.0026270237,.015521447,-.0011766566,.0090720216,.0038036802,.0064494256,.0093519464,-.012996687,.40055886
1000,2019q2,7,2019,6,2019q2,Банк ВТБ (публичное акционерное общество),13521547118.55785,1224171711.381529,72310502.59313375,10278183172.09699,159672828.3365527,.0118087691398425,988525859.5561129,943513573.177443,12297375407.17632,172413177.1220756,135076069.9192607,245078847.8359964,146197543.6157417,.0905348848506689,12087714102.89197,10465183501.41935,349851466.6736932,58418811.16264544,88447.53919503593,.0015140249764547,.0238445689994445,.0120947221593175,7.618170305415228,7.708292995124966,.0127509948092733,.0099896904351924,.760133665325216,.8939593965768906,.0731074521937949,.0181250596316478,.0108121905233086,.0258736270048221,4.467793788947205,4.47036660760193,4.989999999999995,.018524315,2.198075696208202,.0019657407,.012626491,-.0009727017,.0069672149,.0029384424,.0056592766,.11097416,.043388333,.58613104
1000,2019q3,8,2019,9,2019q3,Банк ВТБ (публичное акционерное общество),13918166563.2894,1243475232.050997,18377927.89639974,10511831454.96619,255939152.218529,.0183888553894444,953150528.904901,1129547705.604707,12674691331.23841,269050230.0946428,289029312.2866018,246233166.4745218,147317119.8463339,.0893418846797531,12489383908.78736,10969395606.62444,352384995.1600694,62125927.65403207,89101.06720359647,.0014342009941451,.0234243830420428,.0117953872602702,7.056934150568295,7.264993658151586,.0193308672425498,.0207663352045913,.7552597827570356,.8973440468609851,.0684824775282496,.0176914944475508,.0105845205384234,.0253183487607859,4.467793788947205,4.47036660760193,4.290000000000006,.017193791,2.198075696208202,.0025317899,.019556316,-.0019342036,.0143233,.0044659935,.0052330159,.08146891,.0097124437,.44049165
1000,2019q4,9,2019,12,2019q4,Банк ВТБ (публичное акционерное общество),13807681213.3254,1300005344.505289,80047161.28473969,10041206992.54628,195079714.3195701,.0141283472080239,1002980438.174295,1403993553.56196,12507675868.82011,209198862.3173938,221378236.6556665,250613772.3745122,138934431.3703037,.0941508805439896,12274072026.66611,10437873941.42798,461189590.748707,66157091.6169368,75234.76744450432,.0011372139494905,.0249585306388511,.0113193430076393,6.466480056414547,6.599650321330652,.0151509047091486,.0160329770969814,.7272189180364186,.8889307217507855,.0726393101548685,.0181503156469641,.0100621117495255,.0334009442732228,4.467793788947205,4.47036660760193,3.439999999999998,.015788341,2.198075696208202,.001936254,.015642148,-.0017215095,.011293676,.0036577634,.0043484718,.283472,.0076925964,.66644543
1326,2017q4,1,2017,12,2017q4,АКЦИОНЕРНОЕ ОБЩЕСТВО «АЛЬФА-БАНК»,2635085501,280754748,41942751,1565369734,25735107,.0097663271230606,210809047,578940043,2354330753,32191469,23226668,48730223,20884791,.1065448342732921,2296711599,2031832989,77416155,239171171,4060896,.0169790363237382,.0311301681267845,.0090933450282105,7.938469967958506,8.2497289405987,.012216479878085,.0088143887517827,.5940489344296233,.8715890236306985,.0800008375136212,.0184928432043314,.007925659714675,.0293789916762173,3.686993952164698,3.68332944412253,2.569999999999993,.019281318,1.826705251293492,-.00019277024,.012066596,-.00084126601,.0053386106,.00064849574,.0067279856,.5619899,.21869133,2.1955118
1326,2018q1,2,2018,3,2018q1,АКЦИОНЕРНОЕ ОБЩЕСТВО «АЛЬФА-БАНК»,2593734610.505451,283472525.2725471,12253390.48562934,1677477722.497522,20302132.80475718,.0078273747524234,288256956.3924677,380475348.8602576,2310262085.232903,25956770.06937562,21030371.65510406,41821695.7383548,18883561.94251734,.1092912606110097,2266349020.812685,1992442263.627354,67522212.09117937,179024097.1258672,3811390.485629336,.0212898182245804,.0249312972550767,.0083321508598644,7.134349393911887,7.58470439501564,.0100074888017619,.0081081432039825,.6467422363503201,.8737783008459115,.1111358715054868,.0161241229418629,.0072804526207241,.0260328145438215,2.862989207274794,2.87829723647867,2.239999999999995,.01737763,2.806340848208899,.0015318344,.0085042343,-.00093759107,.0051765107,.0024694256,.0033277236,.25617108,.49037883,1.3081166
1326,2018q2,3,2018,6,2018q2,АКЦИОНЕРНОЕ ОБЩЕСТВО «АЛЬФА-БАНК»,2853611033.255617,326478566.0502146,46616610.21516818,1776689122.065275,31208238.26409337,.0109364022988405,315677901.4595927,509288623.8380598,2527132467.205403,38711453.43991941,23620292.88354149,48414597.14342146,21293811.85793326,.1144089233765482,2499721431.517686,2211012505.303054,76104826.00980645,255808495.3604772,4286477.11855913,.016756586260041,.0272498978814836,.0085184739345155,6.984828947426447,7.250000000000001,.0135657778824027,.0082773344398636,.6226108258483611,.8759853401133696,.1106240120958052,.016966081424274,.0074620582867735,.0266696564888804,2.862989207274794,2.87829723647867,2.370000000000005,.017022472,2.806340848208899,.0015871519,.012182245,-.0010756056,.0053462596,.0026627574,.0068359855,.38428146,.10863375,1.4371107
1326,2018q3,4,2018,9,2018q3,АКЦИОНЕРНОЕ ОБЩЕСТВО «АЛЬФА-БАНК»,3057225529.707886,332824132.6061517,18216642.08110088,1876276352.828255,26103048.4674725,.0085381494475374,437851102.8215744,465200582.5821348,2724401397.101735,33107649.81975449,26612626.17961359,48916336.06790902,23727098.44157758,.1088647629597521,2675501634.114372,2358599791.149337,82037696.40712488,186903014.6260768,4283704.931601807,.0229193998832598,.026070965502589,.0088682803026699,7.079323134017357,7.288423662270072,.0108293122303338,.0087048292384751,.6137186591554895,.8751404200036274,.1432184503782455,.016000237991138,.0077609905487884,.0268340348495531,2.862989207274794,2.87829723647867,2.980000000000004,.017246969,2.806340848208899,.0019391539,.0094540566,-.0014905118,.0059539978,.0034296657,.0035000588,.26089016,.39444503,1.1199447
1326,2018q4,5,2018,12,2018q4,АКЦИОНЕРНОЕ ОБЩЕСТВО «АЛЬФА-БАНК»,3264239252.260703,358135332.4607846,28720706.11041276,1959818601.40721,27650775.69836627,.0084708177193863,392951370.0962523,614027480.5983315,2906103919.799918,35513835.41639216,32129383.90427637,52173683.78960863,25990479.7291842,.1097147925700459,2844681743.92759,2538896954.333404,87972523.8656026,277949237.5948639,2543197.368200938,.009149862723883,.0266216902687556,.0091365158104821,7.321223748417882,7.53902423028483,.010879666798871,.0098428397618295,.6003906117022229,.8714685181110601,.1203806889535157,.0159834129050053,.0079621858940591,.0269503909079813,2.862989207274794,2.87829723647867,3.870000000000005,.017820993,2.806340848208899,.0012607258,.010131082,-.0015550029,.0066160397,.0028157285,.0035150428,.29001546,.40860063,1.2273382
1326,2019q1,6,2019,3,2019q1,АКЦИОНЕРНОЕ ОБЩЕСТВО «АЛЬФА-БАНК»,3059342679.485928,395306273.9738456,43265368.76867564,1971947246.574152,22505627.32482665,.0073563603958901,363843452.6750056,601818359.6507286,2664036405.512082,28605440.21111285,33894505.18244326,49808938.62622711,35349997.43490405,.1292128131394128,2598948360.988515,2153146093.996819,82395181.87329185,203449988.5845981,3382938.125307473,.0166278609738078,.0252587581705138,.0136016544097316,7.573094411210013,7.74999999999999,.0093501915960325,.0110790155708018,.6445656643163312,.849512013941905,.1189286362442221,.0162809282399828,.0115547688305529,.0269323153714631,4.467793788947205,4.47036660760193,5.159999999999997,.018417645,2.198075696208202,.00191327,.0079547912,-.0014456789,.0075197346,.003358949,.00043505663,.15990397,.31210548,.48926058
1326,2019q2,7,2019,6,2019q2,АКЦИОНЕРНОЕ ОБЩЕСТВО «АЛЬФА-БАНК»,3104401678.922997,361277462.0077723,-27742299.91510183,1959993145.02476,67177448.40410458,.0216394189128935,439401249.087045,582306397.6103618,2743124216.915225,74081233.98679519,18443170.07159525,48841690.39329018,14797891.94310262,.1163758750875014,2667495360.256203,2149532579.957892,186704010.073895,197811987.1968119,2199659.358649759,.0111199497554272,.0249193169462198,.0055474855415236,7.618170305415228,7.708292995124966,.0238632888552283,.0059409741325722,.6313593882943447,.8592623107914409,.1415413643377121,.0157330447038782,.0047667452454917,.0601417050317625,4.467793788947205,4.47036660760193,4.989999999999995,.018524315,2.198075696208202,.0053001516,.020149719,-.00095103437,.0041279006,.0062511861,.016021818,.0058047506,-.1411723,1.1120442
1326,2019q3,8,2019,9,2019q3,АКЦИОНЕРНОЕ ОБЩЕСТВО «АЛЬФА-БАНК»,3236391894.505071,399465266.592308,38500388.25241189,2105574034.478858,-35944449.16564018,-.011106333947588,434154590.6681995,593050814.5561157,2836926627.912763,-28338605.15467536,30480275.13252834,53628671.74096638,25381505.98498914,.1234292012875643,2781688473.086565,2306629307.754473,112919889.3915051,195682928.6741477,2347169.753071161,.0119947599362624,.0254698580352886,.0091244962297398,7.056934150568295,7.264993658151586,-.0087562341268961,.0094179803083426,.6505930378993411,.859502978551353,.1341477190711458,.0165705123140433,.007842531687242,.0348906724130742,4.467793788947205,4.47036660760193,4.290000000000006,.017193791,2.198075696208202,-.0020142724,-.0072838822,-.0013763135,.0064977664,-.00063795887,-.013781648,.53842217,-4.6919112,2.0012074
1326,2019q4,9,2019,12,2019q4,АКЦИОНЕРНОЕ ОБЩЕСТВО «АЛЬФА-БАНК»,3491267635.283189,393434590.3343856,-3775392.713238081,2204200330.831982,27310188.00553602,.0078224275130144,507145586.5201236,639615120.227146,3097833044.948804,34589232.49976474,31399302.00158073,55276720.73054565,25588364.43461866,.1126910427485668,3025302849.698536,2515338338.903183,121932251.6404275,216621672.9679174,2595687.434246832,.0119825841924472,.0250779023836192,.0084581166600126,6.466480056414547,6.599650321330652,.0099073563281719,.0089936679973358,.6313467087301062,.8665342121367167,.145261159985229,.0158328511317529,.0073292474561444,.0349249225147236,4.467793788947205,4.47036660760193,3.439999999999998,.015788341,2.198075696208202,.0021750738,.008498488,-.0015229959,.0063119452,.0036980696,.0021865428,.28694314,.48321709,1.0629745
1354,2017q4,1,2017,12,2017q4,РОССИЙСКИЙ НАЦИОНАЛЬНЫЙ КОММЕРЧЕСКИЙ БАНК (публичное акционерное общество),190282038,36229540,619796,129645216,2626916,.0138053808315843,3743046,15540229,154052498,2748165,1292923,3801764,1086087,.1903991589579254,146017801,143274419,5275548,696891,877685,1.259429379917376,.0293243678193262,.007438045173684,7.938469967958506,8.2497289405987,.0144425875867485,.0067947716641547,.6813318659115896,.7673756416251963,.0196710422031532,.0199796262430193,.005707774687593,.0277248869911725,3.686993952164698,3.68332944412253,2.569999999999993,.019281318,1.826705251293492,-.0016825065,.010333771,.001505138,.0016529096,-.0031876445,.0086808614,.82210529,.1961927,5.8992009
1354,2018q1,2,2018,3,2018q1,РОССИЙСКИЙ НАЦИОНАЛЬНЫЙ КОММЕРЧЕСКИЙ БАНК (публичное акционерное общество),181674602.5768087,41923823.5877106,1026647.175421209,118195833.4985134,1574488.602576809,.0086665311509964,5073189.296333002,11230726.46184341,139750778.9890981,1679164.519326065,1112125.867195243,3530792.864222002,1118585.728444004,.2307632602085147,137615046.580773,134314486.6204162,4897442.021803766,777290.3865213081,724754.2120911793,.9324111357336482,.0298723970186852,.0081283679091548,7.134349393911887,7.58470439501564,.0092427036884044,.0061215263521771,.6505908466129291,.757480928147851,.027924592784994,.0194347080667439,.0061570836681538,.0269572188535996,2.862989207274794,2.87829723647867,2.239999999999995,.01737763,2.806340848208899,-.00052843586,.0062451013,.0011300599,.0017968438,-.0016584957,.0044482574,.90038437,.3817403,3.6171541
1354,2018q2,3,2018,6,2018q2,РОССИЙСКИЙ НАЦИОНАЛЬНЫЙ КОММЕРЧЕСКИЙ БАНК (публичное акционерное общество),189266846.7465872,42302440.51311794,818350.2642063502,123999571.8329219,2040653.512803921,.0107818857231567,3356991.705562269,11979973.62741854,146964406.2334693,2190128.54230783,1408205.823033035,3822900.446545115,1139513.819519045,.223506870010665,143067902.4343936,140090392.6800101,5584895.254014091,527569.3113845566,469215.6108579091,.8893914045653952,.0308299487654371,.0079648460635088,6.984828947426447,7.250000000000001,.0115716438454762,.0074403195659434,.6551573821005597,.7559057748024398,.0177368184828324,.0201984685234581,.0060206731348188,.0295080482927462,2.862989207274794,2.87829723647867,2.370000000000005,.017022472,2.806340848208899,-.0019423591,.0088775698,.0017756243,.001741507,-.0037179836,.0071360627,1.3172593,.12724818,6.2594647
1354,2018q3,4,2018,9,2018q3,РОССИЙСКИЙ НАЦИОНАЛЬНЫЙ КОММЕРЧЕСКИЙ БАНК (публичное акционерное общество),204859490.5758391,40874734.50198133,-560769.1002541239,130750264.2458695,1850345.085269864,.0090322644075153,3245469.983075939,12529234.29841989,163984756.0738577,2081632.626188202,1573463.815628261,3958630.081700446,1232547.579923884,.1995257060685187,158934484.1383221,156190553.928187,5926749.803771141,212798.6266606827,460975.4725829355,2.166252103299437,.030276268308387,.0077550670429155,7.079323134017357,7.288423662270072,.0101612701483194,.0076806976879881,.6382436267821611,.775821924049374,.0158424194747007,.0193236352905747,.0060165510343666,.0289308041678306,2.862989207274794,2.87829723647867,2.980000000000004,.017246969,2.806340848208899,-.0026477582,.0085761426,.0019202514,.0017022981,-.0045680096,.0068738447,1.3879143,.1789646,8.4997559
1354,2018q4,5,2018,12,2018q4,РОССИЙСКИЙ НАЦИОНАЛЬНЫЙ КОММЕРЧЕСКИЙ БАНК (публичное акционерное общество),214568042.6548522,41864894.04569361,1419806.440437376,157220735.0740875,2703505.75034469,.0125997595769351,3151332.395175635,15446579.04727057,172703148.6091586,2857563.337837595,1634384.004170174,4110822.153849968,1156731.066428001,.1951124385891717,168629017.7438544,165532992.3181368,6018187.688961172,301960.6500816221,286858.8149225477,.9499874067863076,.0261468193232452,.006859620496545,7.321223748417882,7.53902423028483,.0133177490109009,.0076170895905463,.7327313663712173,.7858999674760796,.0146868674206288,.0191585946489828,.005390975525133,.0280479218363466,2.862989207274794,2.87829723647867,3.870000000000005,.017820993,2.806340848208899,-.0018735636,.0097555574,.0018398758,.0015634502,-.0037134395,.0081921071,.85339141,.18398325,7.3106532
1354,2019q1,6,2019,3,2019q1,РОССИЙСКИЙ НАЦИОНАЛЬНЫЙ КОММЕРЧЕСКИЙ БАНК (публичное акционерное общество),200198183.3512381,42963004.09989666,3365396.748225517,169348469.515843,1885681.542081086,.0094190741919608,11370739.86070267,12309235.10925456,157235179.2513415,2019322.49938862,1428765.946054043,4233568.143849626,1524779.325269812,.214602367417691,151360747.2824345,143639953.1861866,8954971.494449714,772003.4419179081,476427.7978620135,.6171317017426912,.0249991520794557,.0100738094429768,7.573094411210013,7.74999999999999,.0100866174986504,.0071367577973839,.8459041270056344,.7560545492906863,.0567974177905164,.0211468859156531,.0076163494580501,.0447305332373503,4.467793788947205,4.47036660760193,5.159999999999997,.018417645,2.198075696208202,.0030140425,.0026679095,.00071815518,.0027640441,.0022958873,-.000096134609,.20689949,.84588552,1.0209996
1354,2019q2,7,2019,6,2019q2,РОССИЙСКИЙ НАЦИОНАЛЬНЫЙ КОММЕРЧЕСКИЙ БАНК (публичное акционерное общество),201371551.2930139,42779393.33081348,200345.6902544704,168495806.6878965,2326509.58694964,.0115533180929036,13560935.22662541,12660996.74298596,158592157.9622004,2519201.271029104,1708740.76339795,4958825.354215752,177588.3798217989,.2124401041563492,152236689.9486904,148777638.7511061,1962529.208789925,872943.4680855622,-11346408.80410783,-12.99787353812435,.0294299629865623,.001166528120663,7.618170305415228,7.708292995124966,.0125102143517951,.0084855122405626,.8367408683400357,.7559989927632439,.0673428552322816,.0246252527845913,.0008818940842512,.0097458116411601,4.467793788947205,4.47036660760193,4.989999999999995,.018524315,2.198075696208202,.004121799,.0030185671,.00071145658,.0034987126,.0034103424,-.00048014545,.34171063,25.988319,5.43015
1354,2019q3,8,2019,9,2019q3,РОССИЙСКИЙ НАЦИОНАЛЬНЫЙ КОММЕРЧЕСКИЙ БАНК (публичное акционерное общество),211448790.9962549,43091234.66223188,1596489.762781458,179766569.6201614,2160196.542826564,.0102161688068712,12956036.98047641,11921138.67551416,168357556.334023,2496560.769538827,2038663.023074401,5058339.153394632,186475.4379016686,.2037904045665369,161495951.1711664,156685345.4562402,5019426.368751302,769284.9350899182,-5173570.561848302,-6.725168173537138,.0281383750275853,.001154675622202,7.056934150568295,7.264993658151586,.0118069285606984,.0096414030719642,.8501659847435372,.7637591608363784,.0612726935889923,.02392228931441,.0008818940842512,.0237382599593119,4.467793788947205,4.47036660760193,4.290000000000006,.017193791,2.198075696208202,.0036292186,.003104398,.00087843108,.0038447774,.0027507874,-.00074037933,.41082829,40.501194,6.2048755
1354,2019q4,9,2019,12,2019q4,РОССИЙСКИЙ НАЦИОНАЛЬНЫЙ КОММЕРЧЕСКИЙ БАНК (публичное акционерное общество),223001946.293738,43437888.63558581,452761.9388069513,182603068.1305781,3041964.724530495,.0136409783640346,17492610.70993272,14726175.13632195,179564057.6581522,3256848.869108415,2162524.640546076,5087920.198856313,1428084.908915451,.1947870382188031,171245612.5215117,166929232.3973516,12210247.85506867,463516.0121581879,162335.8739192073,.3502271111700141,.0278632788098499,.0083393956077914,6.466480056414547,6.599650321330652,.0146045759834692,.0096973352766061,.8188406924935689,.767910842786758,.0784415158731012,.0228155865157989,.0064039123095113,.0547539968058635,4.467793788947205,4.47036660760193,3.439999999999998,.015788341,2.198075696208202,.0049363524,.0038686148,.0006175508,.0042447168,.0043188017,-.00037610205,.38574034,.98263955,1.2012043
1481,2017q4,1,2017,12,2017q4,Публичное акционерное общество «Сбербанк России»,27148245887,3574263731,186967053,19953172765,474693296,.0174852289895941,2481564665,2308760658,23573982156,496395953,354205724,559622299,194072126,.1316572623467929,22923995476,20743848551,750831077,347416453,36377417,.1047083886956845,.028046782614023,.0084658944468551,7.938469967958506,8.2497289405987,.0182846418537008,.0130470942938384,.7349709755853737,.8444006132630915,.0914079191461981,.0206135711798594,.0071486064627451,.0276567068135897,3.686993952164698,3.68332944412253,2.569999999999993,.019281318,1.826705251293492,.0045721158,.019330705,-.0020033699,.010775263,.0065754857,.0085554412,.084696412,.13277353,.86464155
1481,2018q1,2,2018,3,2018q1,Публичное акционерное общество «Сбербанк России»,27209767392.46778,3726520689.791873,250715191.2784935,19749324889.99009,314779398.4142715,.0115686177641272,2637335903.865213,2331848402.378592,23483246702.67591,338473562.9335976,264776316.1546085,533324757.1853319,190490761.1496531,.1369552571340044,22730413912.78493,20611882881.07037,708112954.4103072,363413218.037661,34786769.07829534,.0957223550264216,.0270047082700861,.008380435212511,7.134349393911887,7.58470439501564,.0124394140549432,.009730929057038,.725817483300394,.8353770021230381,.0969260731201723,.0196004893938552,.0070008228443138,.0260242193252386,2.862989207274794,2.87829723647867,2.239999999999995,.01737763,2.806340848208899,.0033367621,.013138011,-.0015871715,.0082026804,.0049239337,.0049353307,.21088856,.3050417,1.0297624
1481,2018q2,3,2018,6,2018q2,Публичное акционерное общество «Сбербанк России»,28377055514.81354,3568441707.200013,204805060.413139,20454160957.28195,250238282.9225276,.0088183315140606,2762472213.76109,2538208390.466408,24808613807.61353,275546134.6594287,229923735.0683351,555847463.8602861,190858909.4351117,.125750950634649,23747144111.85929,21636179043.27116,750826842.9964477,357298708.0259458,33240373.54684546,.0930324482013846,.0271752757309948,.0080371310561002,6.984828947426447,7.250000000000001,.0097101735772264,.0081024521712025,.7207992720246948,.8368431354501414,.097348796893991,.0195879189639714,.0067258179530106,.0264589411894584,2.862989207274794,2.87829723647867,2.370000000000005,.017022472,2.806340848208899,.0025584665,.010368679,-.0013566103,.0068542748,.0039150771,.0035144039,.29792058,.47361124,1.2736615
1481,2018q3,4,2018,9,2018q3,Публичное акционерное общество «Сбербанк России»,28651973040.79831,3717697544.025939,240850324.1806537,20704114579.56654,266402425.9660087,.0092978736782514,2815513863.621011,2479063072.39522,24934275496.77238,293441938.6217303,246223246.2542536,565052539.5571817,206320898.0658491,.1297536312327325,24052299194.54379,22013222525.2652,769537458.8580965,451321887.1705119,33993185.32943952,.0753191597743114,.0272917992887678,.0085780114573268,7.079323134017357,7.288423662270072,.0102415962141208,.0085935878099442,.722606940544213,.8394639754928946,.0982659679182277,.0197212435860032,.0072009315997912,.0268580965702547,2.862989207274794,2.87829723647867,2.980000000000004,.017246969,2.806340848208899,.0027025503,.010913095,-.0014463242,.0072633405,.0041488744,.003649754,.27556548,.41047594,1.1444209
1481,2018q4,5,2018,12,2018q4,Публичное акционерное общество «Сбербанк России»,30307761845.98797,3895306704.252346,185618279.048111,21824582548.57679,365550387.4349482,.0120612795261006,2922378781.605438,2599037196.482979,26412455141.73563,393042066.7872812,263896149.6527803,574764846.3731142,226068585.4363339,.1285250532205826,25600430839.96418,23040164470.22783,799920836.9697684,500217321.5922297,35667516.58917561,.0713040413627485,.0263356627827273,.0088306555014466,7.321223748417882,7.53902423028483,.012968363311833,.0087072133862539,.7200987872176331,.8446823282450028,.0964234441479318,.0189642788304145,.0074590986488915,.0263932665511445,2.862989207274794,2.87829723647867,3.870000000000005,.017820993,2.806340848208899,.0032516269,.014017127,-.0014788918,.0073363413,.0047305189,.0066807861,.16780029,.14889343,.94198984
1481,2019q1,6,2019,3,2019q1,Публичное акционерное общество «Сбербанк России»,29612213002.70664,4010859883.501798,253850713.7623915,21490486672.41165,275311892.5656938,.0092972413963296,4118885475.403235,2488187070.169251,25601353119.20484,303030602.0745295,274696235.5656842,526360105.7821534,239563749.887058,.1354461378193921,24954004412.66218,22789277417.81942,1139467440.100783,527070871.3350934,13984374.88503791,.0265322476455868,.0244927029250513,.0096002126923364,7.573094411210013,7.74999999999999,.0102332980668088,.0092764507516063,.7257305176903652,.842692993272111,.139094145885914,.0177751019734338,.0080900319697539,.0384796448680358,4.467793788947205,4.47036660760193,5.159999999999997,.018417645,2.198075696208202,.0035389988,.010250529,-.0019223709,.0082388101,.0054613696,.0020117192,.025699889,.58609658,.62617064
1481,2019q2,7,2019,6,2019q2,Публичное акционерное общество «Сбербанк России»,29606363804.16541,3925298077.847898,228569761.8864571,21030193480.13053,133182911.7953147,.0044984555576047,4364606840.793442,2599701318.268358,25681065726.31751,164777911.2575622,145483981.5370723,541158772.4406301,239294710.7919007,.1325829170989122,24878695189.31781,22876395302.89293,1248590244.401281,424758406.5882062,10577264.79557296,.0249018374480988,.025732467604348,.0096184590458203,7.618170305415228,7.708292995124966,.0055656247537693,.0049139429110374,.710326793902726,.8403157967618283,.1474212392195009,.0182784612126023,.0080825430767095,.0421730359276884,4.467793788947205,4.47036660760193,4.989999999999995,.018524315,2.198075696208202,.0019581544,.0056231916,-.0010861985,.0044178176,.0030443529,.001205374,.19304852,.71143764,1.032129
1481,2019q3,8,2019,9,2019q3,Публичное акционерное общество «Сбербанк России»,28342531922.40548,4120967872.966515,114637839.8927712,20086118959.67928,281020910.4191475,.0099151660546245,4036579414.300318,2621649631.818378,24221564049.43896,312754518.1694369,103542487.7433238,495917465.7645511,217284478.8759508,.1453987203489321,23521155275.96394,21835941579.84566,1211437978.053056,533348792.371614,14482053.94818384,.0271530641023621,.0246895613214306,.009237831914574,7.056934150568295,7.264993658151586,.0110348122399819,.0036532546925164,.7086917645420627,.8298889929932435,.1424212708078244,.0174972887786541,.0076663750250267,.042742757823107,4.467793788947205,4.47036660760193,4.290000000000006,.017193791,2.198075696208202,.0039266287,.011145594,-.00078688283,.0032960104,.0047135116,.0078495834,.12700145,.006225354,.76969057
1481,2019q4,9,2019,12,2019q4,Публичное акционерное общество «Сбербанк России»,27932582286.70077,4350779415.189442,214143276.0437413,19866253257.3604,298355803.4194908,.0106812825379752,4168056632.833456,2129746723.862222,23581802871.51133,329514953.7648728,244964910.9976832,485565669.3622203,189540928.1527755,.1557600142562161,22920407869.23405,20999600559.38696,1157924396.367398,195228014.2383105,15420227.98922802,.0789857339347051,.0244417335806549,.0082695268441185,6.466480056414547,6.599650321330652,.0117967952401508,.0087698626816295,.711221506606609,.820561723723871,.1492184499826193,.0173834865813107,.0067856572015907,.0414542552665712,4.467793788947205,4.47036660760193,3.439999999999998,.015788341,2.198075696208202,.0045023956,.011708907,-.0019132472,.0080411909,.0064156428,.0036677159,.10078146,.32261205,.6643821
1637,2017q4,1,2017,12,2017q4,«СДМ-Банк» (публичное акционерное общество),58880285,8133518,139183,26639717,688348,.0116906363479728,19590337,6407171,50746767,890561,374493,763924,515831,.1381365256638958,49763354,48677702,1443614,1993021,132128,.0662953375804871,.0286761304558904,.0103656799338726,7.938469967958506,8.2497289405987,.0151249437736247,.0063602443500401,.4524386558251204,.8451615680868393,.332714710874786,.0129741899177288,.0087606743071981,.0245177821404907,3.686993952164698,3.68332944412253,2.569999999999993,.019281318,1.826705251293492,.002475793,.0072260154,-.0012252277,.003171206,.0037010207,.0040548095,.24774638,.33707795,1.0385826
1637,2018q1,2,2018,3,2018q1,«СДМ-Банк» (публичное акционерное общество),54591355.79781961,7929044.598612486,242754.2120911794,25975816.65014866,475267.5916749256,.0087059129550673,17980811.69474727,5624498.513379583,46662311.19920713,632577.7998017839,358888.9990089197,822182.3587710604,499049.5540138751,.1452435918239124,45658937.56194251,45026107.03666996,1403935.579781962,1255663.032705649,222180.3766105054,.1769426755614208,.0316518387023014,.0109299423215191,7.134349393911887,7.58470439501564,.0115875085085732,.0065740993929162,.4758228893664176,.8363766917795828,.329371041110238,.0150606693450889,.0091415490002138,.0257171773674475,2.862989207274794,2.87829723647867,2.239999999999995,.01737763,2.806340848208899,.0027225304,.0047921594,-.0010900033,.0032438741,.0038125338,.0015482854,.49370432,.39263606,1.1469826
1637,2018q2,3,2018,6,2018q2,«СДМ-Банк» (публичное акционерное общество),56366099.13117191,7360921.702696707,29667.68311399659,21970304.07315753,511161.4703763496,.0090685975835724,23445997.69695931,6351536.939364442,49005177.42847521,690376.7536854633,338769.7934108558,727923.2602206502,491964.5611817019,.1305912918608541,48032098.60513248,46822024.49868853,1377201.466241782,1668720.874880871,109971.0756761284,.0659014202623786,.0331321431782093,.0102424123756511,6.984828947426447,7.250000000000001,.0122480846524231,.0060101692086673,.3897786863346622,.8521451607526533,.4159592034637193,.0129142032434544,.0087280221403442,.0244331519737926,2.862989207274794,2.87829723647867,2.370000000000005,.017022472,2.806340848208899,.00040308607,.007059834,-.0018279813,.003163151,.0022310675,.003896683,.7208339,.20392935,1.6562068
1637,2018q3,4,2018,9,2018q3,«СДМ-Банк» (публичное акционерное общество),57792075.47976286,7346476.964339284,374090.6137495702,14788207.54614419,556695.156248398,.0096327247572781,32583127.82627021,6010512.310965057,50445598.51542357,734696.4436502378,378079.9069006273,622772.4458048471,544014.069019684,.127119105921569,49472897.92338628,47356717.0455116,1417055.307155265,1569587.390283429,57687.12496094518,.0367530507176974,.0421127742399873,.0109962038177376,7.079323134017357,7.288423662270072,.0127127540852466,.0065420717937881,.2558864242784047,.8560498565363046,.563799232953312,.0107760872167141,.0094132987006183,.0245198895418019,2.862989207274794,2.87829723647867,2.980000000000004,.017246969,2.806340848208899,-.0099994969,.011667553,-.0047109821,.0038270124,-.0052885148,.0078405412,2.52159,-.084397592,6.378253
1637,2018q4,5,2018,12,2018q4,«СДМ-Банк» (публичное акционерное общество),64366864.29359365,7389574.297616768,278966.6210910892,16255882.22496533,768867.9587012356,.011945089560278,37146795.59100918,6544775.501629775,56977289.99597688,1001728.110022863,615118.4343976543,582622.5814114521,531493.7189585653,.114804012572541,56177904.52758338,48841633.82599661,1444165.574435595,1813631.533575,24151.19134542596,.0133164818202182,.0358407235823028,.0094609032399491,7.321223748417882,7.53902423028483,.0155627918342227,.009556445558571,.2525504761396813,.8727767795451656,.5771105365887204,.0090515918059013,.0082572566613512,.0224364755108838,2.862989207274794,2.87829723647867,3.870000000000005,.017820993,2.806340848208899,-.013574793,.014707405,-.0072405706,.0056017428,-.0063342224,.0091056619,2.1201739,-.040156685,10.462866
1637,2019q1,6,2019,3,2019q1,«СДМ-Банк» (публичное акционерное общество),61890542.06271733,8156541.46983212,288844.1135030319,15669714.69213504,406817.4381614146,.0065731762011256,34739167.11761091,7105023.992952595,53734000.5928852,530181.0769099433,429228.8542193774,532288.5681331581,636647.0847775249,.1317897888431259,52775185.3965331,45920050.86043976,1400783.250648843,2303672.642340539,53630.75048844053,.0232805432085834,.0339692571684362,.0120633794082199,7.573094411210013,7.74999999999999,.0085664313033917,.0069352899476048,.2531843181508411,.8527180993673136,.561300094647865,.0086004832142811,.0102866619609241,.0226332360965484,4.467793788947205,4.47036660760193,5.159999999999997,.018417645,2.198075696208202,-.0069447742,.0080185421,-.0051147565,.0041119652,-.0018300177,.0039065769,1.0478672,.15326835,2.3194621
1637,2019q2,7,2019,6,2019q2,«СДМ-Банк» (публичное акционерное общество),58567787.28893737,8753189.846120857,226167.3344235395,17475549.73279079,571539.2988879278,.0097585947044286,29795872.66791606,7112224.359176512,49814597.44281652,710775.3216304111,340712.1105890149,547831.7784798789,634221.2466870545,.1494539959814089,48870562.24253205,45628611.84331266,1409829.074180167,1849139.881183505,16015.2115047161,.008660897786957,.031348471828153,.0129775721330886,7.618170305415228,7.708292995124966,.0121359428882618,.0058173976918088,.2983815940762317,.834427327797699,.5087416487312656,.0093538069959381,.010828840836315,.0240717489842145,4.467793788947205,4.47036660760193,4.989999999999995,.018524315,2.198075696208202,-.0041705822,.0095105655,-.003130096,.0033739153,-.0010404862,.0061366502,.79299808,-.03086221,1.6261411
1637,2019q3,8,2019,9,2019q3,«СДМ-Банк» (публичное акционерное общество),59906621.52480679,9150100.150948184,96313.87744010083,17023034.61828008,629736.1854236299,.0105119629415734,30844299.04020318,7768137.839845214,50756521.37385861,774939.4797255219,409143.6281128933,489536.1367217556,525689.7648489998,.1527393786871992,49698953.57022937,46205826.89641728,1306021.590028177,2036402.138313334,47288.22897487764,.0232214591043616,.0287572778707781,.010577481558161,7.056934150568295,7.264993658151586,.0129357900679581,.0068296895685141,.2841594832923602,.8296070168078078,.5148729515222426,.0081716532206551,.0087751529208055,.0218009555001756,4.467793788947205,4.47036660760193,4.290000000000006,.017193791,2.198075696208202,-.0057503809,.010715273,-.0040037157,.0040247212,-.0017466652,.006690552,.86165887,-.0042994488,2.2564688
1637,2019q4,9,2019,12,2019q4,«СДМ-Банк» (публичное акционерное общество),67930853.80661352,9744225.468299832,311195.1831809319,14131782.21901713,695101.8264794509,.0102324906508356,41621964.13381674,7763775.461717941,58186628.33831368,836852.8738246623,551188.6091156378,501462.4217528359,590968.6282396208,.1434432945011971,57213890.10610516,51717714.41862678,1406012.7178603,2176361.411745616,14102.03958322531,.0064796405170198,.0354847261287411,.0103291111152143,6.466480056414547,6.599650321330652,.012319186745496,.0081139655727686,.2080318651558198,.8422371705938283,.6127107463172289,.0073819537611055,.0086995613204274,.0206977041958424,4.467793788947205,4.47036660760193,3.439999999999998,.015788341,2.198075696208202,-.017925456,.013715469,-.0083747953,.0051047932,-.0095506608,.008610676,4.6887698,-.16639291,44.583805
1810,2018q1,2,2018,3,2018q1,«Азиатско-Тихоокеанский Банк» (Акционерное общество),95147809.7125867,11664941.52626363,-1920634.291377601,56671512.38850346,3972565.906838453,.0417515223822639,15034644.20218037,8256848.364717541,83482868.18632308,4075782.953419227,2241307.234886026,2832101.090188305,1315311.199207136,.1225981087898918,80724658.07730426,76917185.33201188,3888277.5024777,2153684.836471754,90666.00594648166,.0420980843673553,.0499739811207656,.0162937970941612,7.134349393911887,7.58470439501564,.0428363297666122,.0235560570617059,.5956155224139292,.8484132038472509,.1580135606651963,.0297652788723486,.0138238725954943,.0408656543353235,2.862989207274794,2.87829723647867,2.239999999999995,.01737763,2.806340848208899,.0083354702,.018122163,-.00058115396,.010124818,.0089166239,.0079973442,.90056664,-.28461039,.98227477
1810,2018q2,3,2018,6,2018q2,«Азиатско-Тихоокеанский Банк» (Акционерное общество),76783628.7189292,4324544.368837988,-7132240.667163939,45882240.91233519,2354284.42650619,.0306612811322604,12956154.35746793,7188033.79911295,72459084.3500912,2474296.736064515,5165355.261973331,2295128.525636185,1108465.331902056,.0563211773263312,69401359.46479703,64581726.07231532,3029235.985569808,877557.1606972043,26022.47690830026,.0296533127114202,.0500221541057981,.0159718100689989,6.984828947426447,7.250000000000001,.0322242745927236,.0672715701009834,.5975523907614436,.9038562076669314,.1687358955760565,.029890857776957,.0144362196785418,.0394515867003173,2.862989207274794,2.87829723647867,2.370000000000005,.017022472,2.806340848208899,.0042042751,.01389533,-.0018323043,.026558721,.0060365796,-.012663391,1.1693066,4.1451988,1.2728676
1810,2018q3,4,2018,9,2018q3,«Азиатско-Тихоокеанский Банк» (Акционерное общество),79342675.9040201,11551498.4400273,-197374.6571410345,45881101.8338938,1945050.90467596,.024514561457807,16573765.53764256,8022451.985804291,67791177.4639928,2068752.074301935,1188656.59827729,2110075.31335691,1002787.646382902,.145589978008821,64302574.65833487,62830591.6494812,3153195.686495329,1105959.524254205,25631.69499470684,.0231759792583651,.0459900749767551,.0155948288495618,7.079323134017357,7.288423662270072,.0260736362963669,.0149813021143274,.578265117871694,.8104412149663435,.208888411549059,.0265944561273613,.012638692040031,.0397414840193909,2.862989207274794,2.87829723647867,2.980000000000004,.017246969,2.806340848208899,.0081840223,.008685668,-.00085103972,.0070655607,.009035062,.0016201073,.74986762,.00186076,.86724639
1810,2018q4,5,2018,12,2018q4,«Азиатско-Тихоокеанский Банк» (Акционерное общество),83423921.77768347,12512867.30251976,838879.1692646652,48920983.20198639,1741314.662578985,.0208730856266793,13375060.11633388,8612876.856559917,70911054.47516371,1856769.044357366,1233028.691448545,2227069.662200342,925660.5696968443,.1499913578249812,67070394.111375,63926950.05924096,3402520.380867024,1170745.05344978,84816.53490278086,.0724466310174499,.0455238124100072,.0138013289165965,7.321223748417882,7.53902423028483,.0222570337715059,.0147802772295271,.5864143300809568,.8039707638069449,.1603264367261119,.0266958159571455,.011095864950627,.0407859077871501,2.862989207274794,2.87829723647867,3.870000000000005,.017820993,2.806340848208899,.0057246853,.0082344702,-.00028301586,.0065653217,.0060077012,.0016691484,.91046184,.15193559,1.2981343
1810,2019q1,6,2019,3,2019q1,«Азиатско-Тихоокеанский Банк» (Акционерное общество),81937238.92241986,13114044.15918464,2991836.388691624,48721783.24655645,1646599.104168777,.0200958578275723,17091067.66033999,7863264.650057719,68823194.76323523,1808597.882779024,789948.2207187978,4266440.269488623,917817.1403470077,.1600498666009644,66149706.42264426,64535850.71968053,8715038.441362083,1105303.744385778,16358.50521919428,.0148000088684082,.0875674079476589,.0138748482794902,7.573094411210013,7.74999999999999,.0220729659256818,.0096408938244397,.5946232004801554,.8073216438898604,.2085873027345017,.0520696123715883,.0112014653217204,.1063623641213208,4.467793788947205,4.47036660760193,5.159999999999997,.018417645,2.198075696208202,.0074965544,.0067653796,-.00049976748,.0045749019,.0079963217,.0021904777,2.3151934,.14642213,3.0037825
1810,2019q2,7,2019,6,2019q2,«Азиатско-Тихоокеанский Банк» (Акционерное общество),84204559.13578291,13139773.37335841,632.4621238227146,54527698.65005319,4111596.095817369,.0488286636497588,14238932.75493758,7200734.49063491,71064785.7624245,4207319.284968581,958367.8943814988,4384498.754120705,944067.8977354806,.1560458662596885,68703544.943012,67517295.43356116,8956195.979475435,667083.1191650276,17184.84603798942,.025761176597452,.0804086521651951,.0137411817471509,7.618170305415228,7.708292995124966,.04996545707441,.0113814252365611,.6475623079045553,.8159124119660199,.1690993088863132,.0520696123715883,.0112116007425814,.1063623641213208,4.467793788947205,4.47036660760193,4.989999999999995,.018524315,2.198075696208202,.016244648,.013892609,-.00012237173,.0050108125,.01636702,.0088817962,1.304545,-.18117255,1.6706561
1810,2019q3,8,2019,9,2019q3,«Азиатско-Тихоокеанский Банк» (Акционерное общество),90887670.96824685,13224648.37871742,-399592.4863818638,58218268.73902613,1993725.255805313,.0219361463943977,13166446.69197719,10281144.37657918,77663022.58952944,2088904.491945596,1943794.506961123,129661.9343650683,1004932.950766243,.1455054160573404,75279540.58249141,72557026.63535613,6147006.952519693,1126311.57705149,74269.55119981423,.0659405023556985,.0022271691888727,.0133493502084412,7.056934150568295,7.264993658151586,.0229833647368452,.0213867787154566,.6405518825470362,.8282701028700757,.1448650466197677,.0014266174166831,.0110568676703943,.0676330121240235,4.467793788947205,4.47036660760193,4.290000000000006,.017193791,2.198075696208202,.0059277634,.0078859348,.000054822096,.0090080472,.0058729411,-.0011221124,-.90344667,.40618762,-.88413614
1810,2019q4,9,2019,12,2019q4,«Азиатско-Тихоокеанский Банк» (Акционерное общество),91456081.75253986,15772808.76332892,2874662.281855688,59772556.31241834,3803607.961599634,.0415894480576083,16241939.15755866,6490861.388063412,75683272.98921095,3920027.274452267,2245125.492160711,2338773.608498024,933481.3037218386,.1724632026769602,73462930.07945026,72585430.64311492,4607142.195667137,777861.8391242969,26532.42296610261,.0341094287334784,.0391278833094197,.0127068346268285,6.466480056414547,6.599650321330652,.0428624012677364,.0245486735178042,.6535656805651241,.8032591017645483,.1775927729060796,.0255726416841937,.0102068805686169,.0503754600829397,4.467793788947205,4.47036660760193,3.439999999999998,.015788341,2.198075696208202,.015587694,.010899752,-.000440818,.011298602,.016028512,-.00039884914,.22978483,.28277215,.36166385
1927,2018q4,5,2018,12,2018q4,Акционерное общество Коммерческий Банк «Модульбанк»,15785270.45649411,2370090.885935763,165106.4663174526,2406879.182363498,942867.8242154453,.0597308628201265,4713944.415115907,3118075.048493326,13415179.57055835,1036074.267539934,1061845.678721704,22519.54176028844,56957.99561335062,.1501457255653608,12504302.18315912,12025172.46750314,923146.9666114651,2545204.592418868,16869.34770781278,.006627894574,.0093563241251581,.0045550719087757,7.321223748417882,7.53902423028483,.0656355094070428,.067268133393613,.1524762714073929,.7921500121028849,.2986293094000537,.0014266174166831,.0036083002676662,.0584815425973066,2.862989207274794,2.87829723647867,3.870000000000005,.017820993,2.806340848208899,-.24999765,.088880375,-.062506936,.030885942,-.1874907,.057994433,-1.0551443,-.7150898,-1.0511454
1927,2019q1,6,2019,3,2019q1,Акционерное общество Коммерческий Банк «Модульбанк»,14238694.22058639,2386576.408218339,111772.4370208465,4891385.33612475,582879.6678188848,.0409363147202188,6361370.832118355,1839134.827385885,11852117.81236805,723697.0286029654,714570.5359757784,37163.8546204673,91342.21351708667,.1676120275669529,10824282.27845566,10824282.27845566,796702.371928797,1186967.144230596,12280.18924296395,.0103458543925612,.0075978178096087,.008438639271159,7.573094411210013,7.74999999999999,.050826081197575,.0501851170413259,.3435276620417029,.7602018914631826,.4467664473699454,.0026100605887537,.0064150695353106,.0559533310840344,4.467793788947205,4.47036660760193,5.159999999999997,.018417645,2.198075696208202,.0044722455,.020608827,-.013415305,.023981633,.017887551,-.0033728052,-.79072368,2.635659,-.71139699
1927,2019q2,7,2019,6,2019q2,Акционерное общество Коммерческий Банк «Модульбанк»,15152695.72086408,2440235.058414093,50576.41722232514,4221771.558315018,568875.8579499387,.0375428813743446,8116297.684792726,1887577.136165133,12712460.66244998,737399.4546685552,785663.6949980276,25834.72314947319,53075.43669237797,.1610429657776392,11699410.48521218,11699410.48521218,961814.2057179566,1329802.529939544,20810.52624855951,.015649335732205,.0061194033814052,.0045365906905706,7.618170305415228,7.708292995124966,.048664572182573,.0518497638619002,.2786152138264064,.7721009317901768,.53563391189973,.0017049588816002,.0035027058993402,.0634747917754076,4.467793788947205,4.47036660760193,4.989999999999995,.018524315,2.198075696208202,-.014215246,.029598949,-.024001757,.026600368,.0097865108,.0029985812,-.78384936,1.45838,-.57275987
1927,2019q3,8,2019,9,2019q3,Акционерное общество Коммерческий Банк «Модульбанк»,17275222.64356213,2774649.595150102,390860.6004577748,12525380.88923252,704719.5529017011,.0407936596501305,1485329.439846788,2385593.596891215,14500573.04841203,929748.9682557208,1113528.200565059,66137.64418673073,91585.89432646983,.1606144043639355,13613832.21074117,13613832.21074117,1202904.530255042,1704653.923533797,116659.0410101837,.0684356158159928,.0052802900583715,.0067274146550895,7.056934150568295,7.264993658151586,.0538197965629233,.0644581099497454,.7250488834597041,.7880553838080094,.0859803355646081,.0038284684111656,.0053015753380522,.0696317816027293,4.467793788947205,4.47036660760193,4.290000000000006,.017193791,2.198075696208202,.013614793,.0022374962,.0093862284,.013944297,.0042285649,-.011706801,-.75351495,-4.4529939,-.51804489
1927,2019q4,9,2019,12,2019q4,Акционерное общество Коммерческий Банк «Модульбанк»,20867704.12452678,2916745.016703313,136073.3731680829,14668207.01373972,689667.0822958028,.0330494949602628,477707.4053022336,4937195.634012463,17950959.10782346,950158.7735424598,1181134.935964376,70351.03688591524,89919.46670557921,.1397731633196355,16937600.3745595,16937280.19096655,1333371.065212104,3246380.540998552,181902.4422063542,.0560323843459223,.0047961578957822,.0053088669420161,6.466480056414547,6.599650321330652,.0455325017008313,.0566010965516869,.7029142701184601,.8116657334935065,.0228921879691001,.0033712878266866,.004309025380511,.0638963949869756,4.467793788947205,4.47036660760193,3.439999999999998,.015788341,2.198075696208202,-.0057602557,.017819364,.016330987,.0031753548,-.022091243,.014644009,-1.7609444,-.20871854,-1.2857854
1978,2017q4,1,2017,12,2017q4,«МОСКОВСКИЙ КРЕДИТНЫЙ БАНК» (публичное акционерное общество),1815513003,112109114,8717074,1573803530,6943972,.0038247988246438,108539835,103179814,1703403889,7780127,4236702,34981522,18761473,.0617506532945498,1679236309,893327972,40069993,7766487,324914,.0418353883808728,.0222273754844101,.0111726222804059,7.938469967958506,8.2497289405987,.0042853601087648,.0023336114877719,.866864366930673,.9249376381359908,.0597846640705112,.0192681197778235,.0103339788638242,.0220708928736877,3.686993952164698,3.68332944412253,2.569999999999993,.019281318,1.826705251293492,.00063022564,.0029114049,.000029860306,.0011474557,.00060036534,.0017639493,.11798255,.49045041,.88799787
1978,2018q1,2,2018,3,2018q1,«МОСКОВСКИЙ КРЕДИТНЫЙ БАНК» (публичное акционерное общество),1789689786.91774,109048162.5371655,1826384.539147671,1509082000.99108,7595414.271555996,.0042439836931947,160374980.1783944,93701198.21605548,1680641624.380575,8130460.852329038,3743717.542120911,32456111.99207135,19773506.4420218,.0609313207988808,1659575630.327056,889743832.5074329,37349778.98909811,7174759.167492566,189835.4806739346,.0264587948169803,.0215071891194488,.011914796819549,7.134349393911887,7.58470439501564,.0045429442084103,.0020918248343857,.8432087013191646,.927297927528116,.0896104907960598,.0181350490064361,.0110485663976864,.0208694150584739,2.862989207274794,2.87829723647867,2.239999999999995,.01737763,2.806340848208899,.00096180971,.0028800438,-.000059415819,.0011229576,.0010212255,.0017570863,.16894169,.27104875,.66258132
1978,2018q2,3,2018,6,2018q2,«МОСКОВСКИЙ КРЕДИТНЫЙ БАНК» (публичное акционерное общество),1858935392.863398,105347688.1429494,-1622469.808140745,1574037575.338675,4957569.682083492,.0026668864884256,183770432.8174865,61211027.33227982,1753587704.720449,5631070.80800796,3536738.520150233,30721542.92350441,19122385.95957185,.0566709787480445,1730224401.326122,925031713.392058,36169231.51756887,3369372.853893427,151350.0992551305,.0449193680302375,.0195176680689432,.0110519687185752,6.984828947426447,7.250000000000001,.0030291912401185,.0019025612905796,.8467414098314182,.9307609118469594,.0988578912010584,.0165264177773186,.0102867404822051,.019456959965594,2.862989207274794,2.87829723647867,2.370000000000005,.017022472,2.806340848208899,.00069924293,.0018785744,-.000073564937,.0010439594,.00077280786,.00083461497,.096789055,.43207437,.65057397
1978,2018q3,4,2018,9,2018q3,«МОСКОВСКИЙ КРЕДИТНЫЙ БАНК» (публичное акционерное общество),1868057518.643606,109209637.05449,4441447.420784583,1571477783.006943,4187504.586761559,.0022416357874259,170030706.9299808,72869609.91718163,1758847881.589116,4939396.829889512,4793785.683879267,30591551.0604713,19567887.67324032,.0584616030098404,1726485744.062443,1053872412.365983,36989076.37600036,1252464.855729284,145394.1673827601,.1160864248746526,.0194667410454483,.0113339410652745,7.079323134017357,7.288423662270072,.002644135301292,.0025661874091329,.8412362934884312,.9242144456644151,.0910200597321221,.016376129083372,.0104749920588358,.0198008230511329,2.862989207274794,2.87829723647867,2.980000000000004,.017246969,2.806340848208899,.00057403388,.0016834963,-.000080909849,.0013954074,.00065494375,.00028808892,.087411232,.48398939,.62373245
1978,2018q4,5,2018,12,2018q4,«МОСКОВСКИЙ КРЕДИТНЫЙ БАНК» (публичное акционерное общество),2034314655.568041,114694535.2576396,6775107.609404025,1701326249.770975,5159783.089678254,.0025363741422968,187878886.2019565,86699555.74435584,1919620120.310401,6017558.084817994,3747219.984979826,32378883.31861129,20916430.62509443,.0563799385427981,1885900732.755166,1218093674.431884,38983765.79926777,7410674.700690433,159862.6532167018,.0215719431324934,.0190315545433864,.0110909499433393,7.321223748417882,7.53902423028483,.0029580272001421,.0018420060902198,.8363142078902805,.9270447556347012,.0923548801497943,.0159163594628728,.0102818069799797,.0191630953906599,2.862989207274794,2.87829723647867,3.870000000000005,.017820993,2.806340848208899,.00063480204,.0019253817,-.000067941794,.0010141608,.00070274383,.00091122091,.027414408,.48481417,.61370599
1978,2019q1,6,2019,3,2019q1,«МОСКОВСКИЙ КРЕДИТНЫЙ БАНК» (публичное акционерное общество),1991258019.94007,147924057.7631339,33682871.0269113,1649832816.646537,14537894.82494841,.0073008593961048,219812964.2111589,94614598.8358039,1843333962.176936,15365645.93385178,5758432.296583701,30706446.84594866,22053930.50290647,.0742867354616284,1835895104.411018,1085461730.542175,167465322.4298885,7876102.815510049,111625.4027494594,.0141726695758263,.0186118535988167,.0120126310320881,7.573094411210013,7.74999999999999,.0077165519385148,.0028918564238888,.8285379393958154,.9219775066951253,.1103889912859081,.0154206268291001,.0110753756078131,.0841002626243929,4.467793788947205,4.47036660760193,5.159999999999997,.018417645,2.198075696208202,.0019459024,.004809293,-.0001581009,.0016564678,.0021040032,.0031528252,-.093062446,.21444716,.31843421
1978,2019q2,7,2019,6,2019q2,«МОСКОВСКИЙ КРЕДИТНЫЙ БАНК» (публичное акционерное общество),1967412239.63273,136435961.5778326,-7163875.121217738,1607398297.750635,9466140.949562766,.0048114679571831,225140167.3553814,110641693.5831748,1830976278.054897,10323769.86580811,4881904.133608198,28780406.61615507,22305733.03839131,.0693479276124164,1821707445.669497,1139275554.446239,64985935.38182075,9812293.91599985,180449.7584213059,.0183901705315885,.0179049627316577,.0122444100952739,7.618170305415228,7.708292995124966,.0052473851986075,.0024813834311204,.8170114353109335,.9259408927991458,.1144346684543397,.0146285593005804,.0113376000154168,.0330311736771304,4.467793788947205,4.47036660760193,4.989999999999995,.018524315,2.198075696208202,.0013035216,.0033058035,-.00014998732,.0014249117,.0014535089,.0018808919,-.10375811,.31142792,.30713013
1978,2019q3,8,2019,9,2019q3,«МОСКОВСКИЙ КРЕДИТНЫЙ БАНК» (публичное акционерное общество),2025549252.291386,145511694.6592669,9375533.595646629,1656173151.095271,11905631.60005227,.0058777299967325,214371721.2269953,129336666.3148106,1880037557.632119,12695592.01369593,3487971.33402468,32391407.64602005,21480199.5683131,.0718381419235587,1873269628.492299,1193468411.852689,79511872.99983017,13429518.31604302,203589.7334906096,.0151598686341117,.0195579837920925,.011466688639799,7.056934150568295,7.264993658151586,.0062677281232901,.0017219879151687,.8176415109243771,.9248205771215774,.1058338724592794,.015991419418401,.0106046296055323,.0392544752539999,4.467793788947205,4.47036660760193,4.290000000000006,.017193791,2.198075696208202,.0014636889,.004045466,-.000092209455,.00097840512,.0015558983,.0030670608,.043109778,.18302511,.5018509
1978,2019q4,9,2019,12,2019q4,«МОСКОВСКИЙ КРЕДИТНЫЙ БАНК» (публичное акционерное общество),2251630515.157398,164973838.6184498,6231047.294652976,1838822201.996974,7065005.485413562,.0031377286094915,268883333.7034021,120414827.1321856,2086656676.538948,7967744.510381896,8404901.222098071,32262358.73788222,21112955.44905601,.0732686102395079,2075748485.979856,1257651913.975924,75862138.34111567,17668480.85601744,193080.9449714875,.01092798789805,.0175451213841366,.0101712493549476,6.466480056414547,6.599650321330652,.0035386554129308,.0037328065886114,.816662498406597,.9218868158014605,.1194171654244995,.014328442664416,.0093767406805553,.033692090167739,4.467793788947205,4.47036660760193,3.439999999999998,.015788341,2.198075696208202,.00092840451,.0022536013,-.00025852578,.0022097591,.0011869303,.000043842243,.033569425,.54558975,.54471242
2170,2017q4,1,2017,12,2017q4,Акционерный коммерческий банк «Национальный Резервный Банк» (акционерное общество),8781514,7210558,202107,4154071,166666,.0189791874157463,3792939,493626,1570956,170708,33530,97532,8401,.8211064743505505,2218482.624045252,1399477,128947,313705,33663,.1073078210420618,.0234786550350247,.0037868225375961,7.938469967958506,8.2497289405987,.0194394725100934,.0038182481972926,.4730472444728779,.2526309955259711,.4319231285174743,.0111065130682477,.0009566687475531,.0146839144138471,3.686993952164698,3.68332944412253,2.569999999999993,.019281318,1.826705251293492,.045142945,-.089582823,.000027290916,.0045669205,.045115653,-.094149746,-.63540745,-1.2133764,-.51988822
2170,2018q1,2,2018,3,2018q1,Акционерный коммерческий банк «Национальный Резервный Банк» (акционерное общество),8956342.913776014,7055995.044598612,-308.2259663032705,4225690.782953419,1154888.007928642,.128946381245885,3584140.733399405,865955.4013875123,1900347.869177403,716061.0368454044,730390.3061546942,85357.77998017838,7898.545832184349,.7878210015547281,2262649.826579211,1570741.328047572,113044.5986124876,726712.5867195242,35583.74628344896,.048965363933049,.0201997222145346,.0034908388118217,7.134349393911887,7.58470439501564,.0799501586461155,.0815500604639936,.4718098473489397,.2526309955259711,.4001790427079934,.0095304278545306,.0008818940842512,.012621736315903,2.862989207274794,2.87829723647867,2.239999999999995,.01737763,2.806340848208899,.18363631,-.36329079,.0015091051,.095421776,.18212721,-.45871258,-.89875072,-1.038174,-.89117587
2170,2018q2,3,2018,6,2018q2,Акционерный коммерческий банк «Национальный Резервный Банк» (акционерное общество),8829867.232901119,6986064.662054962,28117.22010317983,4340512.862958879,133641.8699152708,.0151352071769896,3728551.683179114,465963.6593437609,1843802.570846156,138560.985957179,64162.29787836642,95420.65208884928,9528.335618656316,.7911856971103787,2230698.149409961,1615359.841772357,113323.0570619422,219244.8843056466,41413.34755457365,.1888908271941243,.0219837275228813,.0042714589695502,6.984828947426447,7.250000000000001,.0156923068379652,.0072665076592874,.4915717018694936,.2526309955259711,.4222658829213302,.010806578351858,.0010791029318258,.0128340612687456,2.862989207274794,2.87829723647867,2.370000000000005,.017022472,2.806340848208899,.035710964,-.073954225,.00012892653,.0085855741,.03558204,-.082539797,-.58209425,-1.2174886,-.44838652
2170,2018q3,4,2018,9,2018q3,Акционерный коммерческий банк «Национальный Резервный Банк» (акционерное общество),8784080.050217481,6934104.704312839,13485.75684723216,4332891.943156012,681890.8513085251,.0776280324644403,3185058.462792321,992925.3353148249,1849975.345904644,687833.9251052707,39887.09352059416,80624.58758119417,11808.30772712911,.7893945256272066,2219130.887866264,1563663.776453274,101441.8868414057,675255.0027011569,43262.42472572031,.0640682772473537,.0186075694106667,.0053211407185103,7.079323134017357,7.288423662270072,.0783046057382231,.0045408390283974,.4932664454769781,.2526309955259711,.362594425891356,.0091784896221657,.001344285077051,.0115483791428898,2.862989207274794,2.87829723647867,2.980000000000004,.017246969,2.806340848208899,.17371319,-.362629,.00019800749,.0050663045,.17351519,-.3676953,-.9024567,-1.0475943,-.89595199
2170,2018q4,5,2018,12,2018q4,Акционерный коммерческий банк «Национальный Резервный Банк» (акционерное общество),9491372.951971471,6893793.766577893,164313.2036049469,4083420.895857189,253996.1742015584,.0267607410947644,4506092.255885009,583063.4968511702,2597579.185393578,259210.1436808435,106843.0529393474,74531.07516927223,12676.80024062539,.7263220823227655,2443230.863265751,1676725.364147633,102924.8742501505,381227.2340892628,33324.73550497329,.0874143621574802,.0182521168084552,.0051885396632887,7.321223748417882,7.53902423028483,.0273100788466017,.0112568596218901,.4302244697916979,.2574159582211194,.4747566320159234,.0078525072764938,.0013356129091937,.0108440448785412,2.862989207274794,2.87829723647867,3.870000000000005,.017820993,2.806340848208899,.066082954,-.11406545,-.00042864733,.014079124,.066511601,-.12814458,-.78356981,-1.1449379,-.74543822
2170,2019q1,6,2019,3,2019q1,Акционерный коммерческий банк «Национальный Резервный Банк» (акционерное общество),9695333.349670598,7426028.083212029,959200.6900508082,5015164.629448161,207204.2768427317,.0213715474620346,2329672.260136775,829508.9224683507,2269305.266458568,211616.2475117251,9521.411599694666,504832.2493306812,12291.49957153219,.7659383968952787,2449341.716083431,1317608.979412785,1031218.576015249,629453.7158081258,23685.71307665086,.0376289987362167,.1006611520519975,.0050182869506614,7.573094411210013,7.74999999999999,.0218266087280965,.000982061292407,.5172761418892887,.2526309955259711,.2402880000217761,.0520696123715883,.0012677748281806,.1063623641213208,4.467793788947205,4.47036660760193,5.159999999999997,.018417645,2.198075696208202,.044427156,-.097818524,.00010718008,.00094568764,.044319976,-.098764211,.6044783,-1.1964635,1.0402249
2170,2019q2,7,2019,6,2019q2,Акционерный коммерческий банк «Национальный Резервный Банк» (акционерное общество),10032321.60333659,7250698.064204018,-43025.17446477861,3968742.80078029,141323.9885426957,.0140868678388155,5228209.376745701,667144.7772155037,2781623.539132573,146610.6992645756,11615.06881165112,90382.29408194411,11703.81903582122,.7227338148522423,2658019.700611545,1644818.180886214,352327.179400666,457074.8650306484,38872.59818650392,.0850464577261263,.0227735327328781,.0044032100413434,7.618170305415228,7.708292995124966,.0146138356664937,.0011577647997038,.3955956515050663,.2649456233268608,.5211365408189149,.0090091105185349,.0011666112290428,.0351192070321477,4.467793788947205,4.47036660760193,4.989999999999995,.018524315,2.198075696208202,.036278158,-.054405365,-.00010180345,.0014841239,.036379963,-.055889487,-.5852139,-1.3597913,-.44159487
2170,2019q3,8,2019,9,2019q3,Акционерный коммерческий банк «Национальный Резервный Банк» (акционерное общество),9317289.919713562,6908955.909074114,-245719.8233985537,3260534.538281245,253722.0304604245,.0272313121784048,4943387.67289322,944892.1373796832,2408334.010639449,259684.4958435115,185207.7979590266,84681.93793062304,12108.75012148991,.7415199020968656,2353836.228021333,1642834.634557228,297137.9227624052,711105.6425858713,27388.15084888432,.0385148833150723,.025971796015773,.0051442619402917,7.056934150568295,7.264993658151586,.0278712477642313,.0198778614334157,.3499445188866123,.2526309955259711,.5305606797137415,.0090886876613609,.0012996000152223,.0318910246780793,4.467793788947205,4.47036660760193,4.290000000000006,.017193791,2.198075696208202,.075334169,-.10484274,-.0024852683,.026849275,.077819437,-.13169202,-.72665071,-1.135868,-.68694985
2170,2019q4,9,2019,12,2019q4,Акционерный коммерческий банк «Национальный Резервный Банк» (акционерное общество),10360800.4070783,7576522.044291208,753442.2555650929,3218165.292636999,159954.9738298475,.0154384765216179,6300360.527160613,702514.4489625085,2784278.362787095,165618.6865130978,30934.94736902359,63062.20631524417,11048.195488937,.7312680243425085,2708079.321498737,1670972.087147976,174695.5190664351,422811.742139469,40045.28750766852,.0947118623173411,.0195957014574507,.0040797163514481,6.466480056414547,6.599650321330652,.0159851247013648,.0029857681022298,.3106097179942208,.2613774240500405,.6080959269185735,.0060866153035977,.0010663457507963,.0168611991547571,4.467793788947205,4.47036660760193,3.439999999999998,.015788341,2.198075696208202,.044691492,-.050707791,-.00067968172,.0042111049,.045371175,-.054918896,-.67959684,-1.3105546,-.60373414
2209,2017q4,1,2017,12,2017q4,Публичное акционерное общество Банк «Финансовая Корпорация Открытие»,2548055979,129520315,67714965,1004938314,34634905,.013592678216431,1099806403,128728677,2418535664,37170987,207794119.1530903,31933339,20736209,.0508310319975117,1672425289,980761271,55939112,55528957,3300878,.0594442643682286,.0317764170746902,.0123988851020059,7.938469967958506,8.2497289405987,.0145879789558579,.0815500604639936,.3943941272414251,.6563534328850787,.4316256832911597,.012532432279032,.0081380508006492,.0219536432719793,3.686993952164698,3.68332944412253,2.569999999999993,.019281318,1.826705251293492,.0093571804,.013704201,-.045222804,.089351378,.054579984,-.075647175,-.56978261,-1.3048512,-.52557552
2209,2018q1,2,2018,3,2018q1,Публичное акционерное общество Банк «Финансовая Корпорация Открытие»,2041080929.6333,282900544.1030723,90258533.20118928,706726928.6422199,21406344.89593657,.0104877492044289,1043983400.396432,107464644.2021804,1758180385.530228,23962004.95540138,17525787.90882061,30543951.4370664,21505500.49554013,.1386032959280542,1056125037.66105,783959189.296333,60213443.01288404,49218317.14568879,11579441.03072349,.2352669026949405,.0432188872380286,.0203626462101186,7.134349393911887,7.58470439501564,.0117398602904523,.0085865227852427,.3462513016420129,.5174341802560436,.5114855492692265,.0149645959616868,.0105363291495765,.0295007621396482,2.862989207274794,2.87829723647867,2.239999999999995,.01737763,2.806340848208899,.01319178,.0094490694,-.0056570973,.012031634,.018848877,-.0025825649,.19301833,-.022634957,.10219862
2209,2018q2,3,2018,6,2018q2,Публичное акционерное общество Банк «Финансовая Корпорация Открытие»,1927660475.863675,260874835.7597769,-104420234.7093063,641647527.290993,20171982.73131368,.0104644894595745,1003225151.354022,90351179.38160749,1666785640.103898,22828961.47222004,8703982.581465013,15989874.03493239,6149685.484508413,.1353323570339293,966385483.3512046,731170378.9190379,39332080.93318848,12621887.86965206,-154082.2877106242,-.0122075468663526,.0249200275148584,.0063635946425672,6.984828947426447,7.250000000000001,.0118428331949856,.0045153089407849,.332863351884365,.5013255681959357,.5204366453094048,.0082949638876464,.0031902326999536,.0204040501040859,2.862989207274794,2.87829723647867,2.370000000000005,.017022472,2.806340848208899,.013956631,.0095729129,-.0031236275,.0065233991,.017080259,.0030495138,-.26926592,.80837947,.062966369
2209,2018q3,4,2018,9,2018q3,Публичное акционерное общество Банк «Финансовая Корпорация Открытие»,1989485249.455692,307797371.1058761,47173416.80920716,723152051.9900093,52802842.64843335,.0265409570957512,976009473.2945043,87249250.59976614,1681687878.349815,56169390.59763886,47460085.46904546,27182767.19977771,18015541.81335609,.1547120649374441,1004045510.406362,732548015.6617259,58604744.117548,9354674.487603161,10495420.64813458,1.121943971652156,.0375892830905681,.0179429534086206,7.079323134017357,7.288423662270072,.0282331274449038,.0238554598391871,.3634870136322238,.504676026465168,.4905839204193814,.0136632162551669,.0090553784293123,.0294572398230054,2.862989207274794,2.87829723647867,2.980000000000004,.017246969,2.806340848208899,.033551641,.019863391,-.014325836,.033867627,.047877476,-.014004236,-.42280838,3.3788288,-.4289116
2209,2018q4,5,2018,12,2018q4,Публичное акционерное общество Банк «Финансовая Корпорация Открытие»,2098790536.685453,302600918.9873355,15969169.74005771,860064048.0783303,44823427.98192409,.0213567896359549,929936325.0314677,91038410.12173228,1796189617.698118,49416416.19923981,27905100.15240395,8992087.239456585,1850910.958385332,.1441787132627454,1132284577.26166,785600549.4577284,35647459.75015578,13102232.61698751,-8316533.5461961,-.634741710768699,.0104551367535335,.0016346694069274,7.321223748417882,7.53902423028483,.0235451872568863,.0132958004453715,.4097903211611577,.5394938453695517,.4430820078406127,.0042844138480143,.0008818940842512,.016984762951358,2.862989207274794,2.87829723647867,3.870000000000005,.017820993,2.806340848208899,.02508048,.015382234,-.0065877172,.017371019,.031668197,-.0019887853,-.78873897,-51.32531,-.68605894
2209,2019q1,6,2019,3,2019q1,Публичное акционерное общество Банк «Финансовая Корпорация Открытие»,2401261035.705913,351397947.8995788,26029414.85684915,1061990721.432735,41523666.76674084,.0172924418250654,1028591905.537706,103835876.7290297,2049863087.806334,46392420.13540054,17906673.36141583,34690743.83090076,13713829.9406309,.1463389205398389,1407268697.67041,1266359902.305129,61184228.06659636,13535820.44940493,191499.8856257338,.0141476378429763,.0326657692301674,.0097449975000032,7.573094411210013,7.74999999999999,.0193200237065281,.0074571956547622,.4422637546028124,.586054026090798,.428354889469701,.0144468857467229,.0057110950191216,.0254800403441393,4.467793788947205,4.47036660760193,5.159999999999997,.018417645,2.198075696208202,.018050406,.013180519,-.00338072,.0090112127,.021431126,.0041693058,-.18025655,.32364839,.047781631
2209,2019q2,7,2019,6,2019q2,Публичное акционерное общество Банк «Финансовая Корпорация Открытие»,2439461284.446495,377988736.8495901,17032878.56203651,1136673407.215701,45376638.74633911,.0186010899355736,955896030.6116163,147615183.6438617,2061472547.596905,50247472.4572482,19889642.71201592,15186459.10877704,17082056.46256849,.1549476268631803,1412553706.062189,1311339482.620374,47555000.8538267,42896225.99433677,2576987.0090927,.0600749121713625,.0133604419812869,.0120930314997994,7.618170305415228,7.708292995124966,.020597774097755,.0081532930400774,.4659526324368817,.5790432974150244,.3918471822882426,.0062253331117008,.0070023888353876,.0194940584452099,4.467793788947205,4.47036660760193,4.989999999999995,.018524315,2.198075696208202,.019451195,.012851312,-.0032939429,.0098213032,.022745138,.0030300086,-.67626315,.22490683,-.6164999
2209,2019q3,8,2019,9,2019q3,Публичное акционерное общество Банк «Финансовая Корпорация Открытие»,2734057959.408784,400651074.0563324,11627827.36785912,1435589779.153741,26407146.13947706,.009658590465722,958835015.5673714,123970942.0094146,2333406885.352452,32084982.64689491,23178553.24673475,30208976.42594566,18862495.31196892,.1465408122302461,1645941665.004329,1492421337.070501,58839792.77142369,8529478.419650061,621504.4374409079,.0728654680700167,.021042902968948,.0114600023275547,7.056934150568295,7.264993658151586,.0117352971748386,.0084777110035176,.5250765713336137,.6020141816453114,.3507003252318437,.0110491353418411,.0068990839228762,.0215210480703003,4.467793788947205,4.47036660760193,4.290000000000006,.017193791,2.198075696208202,.010395333,.0065798345,-.0027906059,.0097021814,.013185939,-.0031223469,-.30733737,1.0621853,-.14619195
2209,2019q4,9,2019,12,2019q4,Публичное акционерное общество Банк «Финансовая Корпорация Открытие»,2986156148.13679,411664296.2520846,19406336.87573825,1476270589.697566,52544318.6251786,.0175959715495667,1169959151.036717,113474551.7715472,2574491851.884706,57885987.1137384,23432665.1030465,27792556.68826105,18465715.66404711,.1378575921118332,1847171345.666354,1681597824.585952,181892594.6993387,12907996.78078742,736083.4648432164,.0570253833607102,.0188261941152365,.0099967529852439,6.466480056414547,6.599650321330652,.019384782389848,.0078470997297537,.4943715319839132,.6185782839316341,.3917943647276155,.009307134426176,.0061837743065006,.0609119502383794,4.467793788947205,4.47036660760193,3.439999999999998,.015788341,2.198075696208202,.016685242,.012740123,-.003036032,.0090039857,.019721273,.0037361374,-.46982825,.14967355,-.36650592
2216,2018q1,2,2018,3,2018q1,Акционерное общество «Банк Интеза»,50729465.80773042,11214158.5728444,-157248.7611496531,37669842.41823588,920598.6124876114,.0181472167670121,4139491.575817641,3658041.625371655,39515307.23488602,943857.2844400395,269131.8136769078,1015656.095143707,384170.4658077304,.2210580851638995,38448111.99207135,27729909.81169474,1265378.592666006,1501596.630327056,164334.9851337958,.1094401664300503,.0269620478861369,.0099919201724899,7.134349393911887,7.58470439501564,.0186057012312598,.0053052365009508,.7425633567877143,.7579049252715062,.0815993527609124,.0200210287842009,.0075729255116498,.0249436608984197,2.862989207274794,2.87829723647867,2.239999999999995,.01737763,2.806340848208899,.0056519639,.0024225924,.00059148233,.0016782228,.0050604814,.00074436958,.20161842,.61858803,.79121238
2216,2018q2,3,2018,6,2018q2,Акционерное общество «Банк Интеза»,50765621.77293336,10969634.65756539,-1780.923989654165,37958535.46068757,888460.4167087544,.0175012220018243,3040002.926364088,5505238.13287772,39795987.11536798,918672.3800068138,323802.5786916367,888434.9188983298,340884.150306062,.2160839220413932,38863668.50335895,27139576.19108608,1138261.484753192,1020825.434732764,125241.3220653933,.1226863259908678,.0234054056120909,.0087712808243154,6.984828947426447,7.250000000000001,.0180963484327227,.0063783829958777,.7477212754424664,.7655509209990577,.0598831023869173,.0175007197365209,.006714862113396,.0224218958618188,2.862989207274794,2.87829723647867,2.370000000000005,.017022472,2.806340848208899,.0040673963,.0036069874,.00092122122,.0017235979,.0031461751,.0018833895,.16048467,.59765357,.96395993
2216,2018q3,4,2018,9,2018q3,Акционерное общество «Банк Интеза»,51901003.57873879,10924196.68699851,44714.13823337329,38172103.20594301,857661.0535407615,.016524941608106,3489734.402715167,5637953.196586161,40976806.89174027,888520.6685600121,296890.0072899784,971359.8003392078,290734.8198573962,.2104814152663823,39960083.9632819,24198466.50931819,1233069.10702851,982325.4915129673,126360.3740605699,.1286339152880488,.0254468504158287,.0072756308551439,7.079323134017357,7.288423662270072,.0171195277026203,.0057203134201359,.735479096238135,.7699289263772835,.0672382836956304,.0187156265459407,.0056017186530184,.0237580975704608,2.862989207274794,2.87829723647867,2.980000000000004,.017246969,2.806340848208899,.0040376647,.0034682855,.00074797554,.0016453068,.0032896893,.0018229787,.23909402,.89556098,1.4085262
2216,2018q4,5,2018,12,2018q4,Акционерное общество «Банк Интеза»,56578128.67078171,11052229.97443007,381060.6874275352,41891305.65069069,1489606.820255613,.026328315468392,3927592.907723146,5473157.480924278,45525898.69635164,1519742.139053631,1252049.667994283,947930.6501924691,287230.4161446681,.1953445657197515,44320887.38927452,28688547.20153988,2186973.312715071,1869028.033897472,106543.6540272245,.0570048453500452,.0226283386365839,.0064807009305093,7.321223748417882,7.53902423028483,.0268609474147996,.0221295701609317,.7404151857769795,.7833572518308277,.0694189256519445,.0167543655554307,.0050767040708612,.0386540411302871,2.862989207274794,2.87829723647867,3.870000000000005,.017820993,2.806340848208899,.0061629526,.0059482059,.0027196403,.0065195435,.0034433124,-.00057133753,.064146593,2.0157213,1.2801601
2216,2019q3,8,2019,9,2019q3,Акционерное общество «Банк Интеза»,52493443.52554231,12354135.8975321,118877.9365784124,40584631.9439524,776148.7684792748,.0147856325733635,3821628.657438613,3960544.769932799,40139307.62801021,803956.8112565455,273099.5764088703,884755.2153961813,326297.084455906,.2353462655106787,39346957.56274744,27346956.65143009,1144216.701971061,1541026.704507484,0,0,.021800252288059,.0082928161328752,7.056934150568295,7.264993658151586,.0153153757357403,.0052025464146963,.7731371618667898,.749559467242837,.0728020187050423,.0168545851819699,.0062159588425007,.0217973260110914,4.467793788947205,4.47036660760193,4.290000000000006,.017193791,2.198075696208202,.0047533489,.0015635142,.00064169714,.0015842672,.0041116518,-.00002075301,.023224581,1.0785371,.75745159
2225,2017q4,1,2017,12,2017q4,Публичное акционерное общество коммерческий банк «Центр-инвест»,102341681,12329027,721860,88031583,1169799,.0114303281768452,5997,8566389,90012654,1259793,542093,2797585,1240679,.1204692641310044,88812721,86681012,3155563,1048616,169298,.1614489956285237,.0317793331059377,.0139696091509233,7.938469967958506,8.2497289405987,.0123096766409377,.0052968936478579,.8601733149175066,.8678059626556262,.0000585978258458,.0273357343036021,.0121229101171399,.0308336053225469,3.686993952164698,3.68332944412253,2.569999999999993,.019281318,1.826705251293492,-.014980681,.019024454,.00403718,-.0029371546,-.01901786,.021961609,119.62386,-.46338254,-7.2951174
2225,2018q1,2,2018,3,2018q1,Публичное акционерное общество коммерческий банк «Центр-инвест»,100126849.3557978,12041743.31020813,744363.7264618434,86046430.12884043,755692.7651139741,.0075473538813615,5943.508424182358,8472833.498513378,88085106.04558969,822159.5639246778,369396.4321110009,2772888.007928642,1266684.836471754,.1202648778792404,86659150.64420217,84386659.06838453,3076365.708622398,823702.6759167492,150433.1020812686,.1826303428161652,.03222548574969,.0146168618900086,7.134349393911887,7.58470439501564,.0082111798105537,.0036892844875041,.8593741906636549,.8654936333436544,.0000593597867347,.027693750734883,.0126508009052659,.0307246830237374,2.862989207274794,2.87829723647867,2.239999999999995,.01737763,2.806340848208899,-.0099669835,.012662258,.0028128487,-.0020518897,-.012779832,.014714148,6.0088954,-.40753388,16.542166
2225,2018q2,3,2018,6,2018q2,Публичное акционерное общество коммерческий банк «Центр-инвест»,102883081.5555312,12088195.16102554,172755.511106552,89066054.43154886,896690.3253657906,.0087156246858897,5881.168042927329,8305203.691219946,90794886.39450565,1000771.406833845,406446.8663877468,2735797.376353762,1266313.450075385,.1174944896503798,89514086.26536904,87110084.05059001,3065874.377779874,869914.6823649494,100043.601255826,.1150039231247914,.0307164990502228,.0141465271322922,6.984828947426447,7.250000000000001,.0097272689707848,.0039505704946091,.8657016594460714,.8700564263042001,.0000571636070188,.0265913242001516,.0123082768413375,.029799597090461,2.862989207274794,2.87829723647867,2.370000000000005,.017022472,2.806340848208899,-.011788572,.015018309,.0030025365,-.002196314,-.014791109,.017214624,12.7658,-.45721152,-48.653397
2225,2018q3,4,2018,9,2018q3,Публичное акционерное общество коммерческий банк «Центр-инвест»,105953363.8709613,11535498.45549658,200518.4147437334,92407781.24843988,1040339.543912633,.0098188439319364,5835.0709821682,7962794.539226055,94417865.4154647,1155341.135474315,419982.0799616701,2771066.160547214,1235120.187507151,.1088733574287028,93012417.00538236,90146003.81952989,3122504.400187086,894819.8597453643,159694.3238318056,.1784653325388299,.0299873681968097,.0132790892578964,7.079323134017357,7.288423662270072,.0109042421426221,.0039638390384014,.8721552376664667,.8778618592861338,.0000550720691537,.0261536402366804,.0116572059855634,.0294705546488352,2.862989207274794,2.87829723647867,2.980000000000004,.017246969,2.806340848208899,-.013227174,.016843159,.0030016284,-.0021936188,-.016228803,.019036777,28.452322,-.46630028,-11.166198
2225,2018q4,5,2018,12,2018q4,Публичное акционерное общество коммерческий банк «Центр-инвест»,106860113.8638511,11506159.158502,92772.26676703725,92735841.18299225,1203449.811786241,.0112619177377963,5773.296707399031,8490103.085942725,95353954.70534912,1311115.008362093,504899.2014428244,2767811.053023385,1229167.311909879,.1076749662943634,94018650.9604404,91047148.5266369,3179189.971767599,1221647.681998008,187580.6386760036,.1535472472466162,.0298461847945258,.0130736539968763,7.321223748417882,7.53902423028483,.0122694517248275,.0047248611590112,.8678246525279359,.8798292230928013,.0000540266756103,.0259012549485939,.0115025828390558,.0297509506289518,2.862989207274794,2.87829723647867,3.870000000000005,.017820993,2.806340848208899,-.015073295,.019052971,.0035997429,-.0026153051,-.018673038,.021668276,-36.028896,-.48704654,-6.3302622
2225,2019q1,6,2019,3,2019q1,Публичное акционерное общество коммерческий банк «Центр-инвест»,101180906.2238871,13097867.56174992,1975629.757602137,86231388.01366311,884206.6139517283,.0087388682998669,0,10046257.02910254,88083038.66213714,1233112.342261625,445792.8304075613,3566473.654566406,1150884.368515776,.1294499925980871,87393143.49298772,81014048.43347557,4036700.564790883,504535.8494088452,95743.81638489246,.1897661315783083,.0413593441636508,.0131690464779782,7.573094411210013,7.74999999999999,.0121872039723885,.0044058987712675,.8522496114321749,.8637315750029888,0,.035248484992561,.0113745212557117,.0398958728029052,4.467793788947205,4.47036660760193,5.159999999999997,.018417645,2.198075696208202,,,,,,,,,
2225,2019q2,7,2019,6,2019q2,Публичное акционерное общество коммерческий банк «Центр-инвест»,103308842.7062016,13723186.51802741,740861.6476240751,89203189.4326454,971182.4925387752,.0094007682895133,14.94740617601689,8943881.380411392,89585656.18817423,1076700.903799708,481712.8614731542,2504099.719726897,1198061.697181448,.1328365138795966,88856661.84684102,84255115.00032175,2942457.629586515,1397542.306303481,51445.23520630613,.0368112185042752,.0280718630763496,.0134830824417701,7.618170305415228,7.708292995124966,.0104221562800943,.0046628424910643,.8634613175014355,.8601070297490322,1.44686609437e-07,.0242389678766247,.0115968939908522,.0284821468570171,4.467793788947205,4.47036660760193,4.989999999999995,.018524315,2.198075696208202,-.025136173,.027555801,.0061624944,-.0060476139,-.031298667,.033603415,-3.1975176,-.60658967,-2.5756915
2225,2019q3,8,2019,9,2019q3,Публичное акционерное общество коммерческий банк «Центр-инвест»,110683112.9587795,12995192.36934503,-80084.58786137892,96015724.3119649,1164559.066261621,.0105215604723308,17.72877030964847,9445564.104556089,97687920.58943443,1026525.659910221,547769.5486299057,2478023.940540329,1306176.483495093,.1174089887965537,96904485.29635789,91606467.16477442,3103370.855672559,2083994.555662998,167533.1470534813,.0803903957417886,.0258085220759151,.0134790095577153,7.056934150568295,7.264993658151586,.0092744559894382,.0049489893623963,.8674830490873796,.8755128285237782,1.60175927797e-07,.0223884554228538,.0118010457835744,.0280383409240424,4.467793788947205,4.47036660760193,4.290000000000006,.017193791,2.198075696208202,-.022191383,.024161084,.0064502736,-.0062177409,-.028641656,.030378824,-3.2544396,-.60796535,-2.702112
2225,2019q4,9,2019,12,2019q4,Публичное акционерное общество коммерческий банк «Центр-инвест»,111394224.0300595,13537630.37017329,580295.5315528777,95424875.59434237,1006341.686440793,.0090340562556388,17.68455891236756,8748567.116974626,97856593.65988626,1123441.389428423,563097.7633937296,2325220.721007341,1365146.494512594,.1215290154229198,97036704.00112358,94056288.05697194,3038064.813907189,1410582.780189759,265817.5357780553,.1884451869902284,.0243670291056182,.0140683518526844,6.466480056414547,6.599650321330652,.0100852750599103,.0050549996491899,.8566411447741865,.8711107316923221,1.58756516025e-07,.0208737997077827,.0122550922760969,.0272730910454331,4.467793788947205,4.47036660760193,3.439999999999998,.015788341,2.198075696208202,-.024500269,.026484292,.0066691856,-.0063829264,-.031169455,.032867219,-2.5842173,-.66361672,-2.4248805
2272,2017q4,1,2017,12,2017q4,Публичное акционерное общество РОСБАНК,1036752865,126422333,1846877,773932037,16141417,.0155692041420112,45785197,72062758,910330532,16776164,5541686,22378977,7554087,.1219406642295606,884021102,640330201,27105399,5875315,1579993,.2689205600040168,.028915946013487,.0085451433036041,7.938469967958506,8.2497289405987,.0161814493755944,.005345233359929,.7464961642522203,.8526825744532667,.0441621128290781,.0215856427847923,.0072862947911892,.0261445132345981,3.686993952164698,3.68332944412253,2.569999999999993,.019281318,1.826705251293492,.00093409879,.012279811,.00029314644,.0024383876,.00064095238,.0098414235,.45143825,.048663333,2.147795
2275,2017q4,1,2017,12,2017q4,Публичное акционерное общество «БАНК УРАЛСИБ»,520928301,50489970,43110,219840828,12657649,.0242982555866167,104018663,34693975,470438331,13581807,4271685,7360116,4722794,.0969230696490802,460108214,353361418,13985557,3039678,358506,.117942097814308,.0334792953017808,.0102645287701819,7.938469967958506,8.2497289405987,.0260723154682279,.008200140003528,.4220174399777907,.8832467215099531,.1996794238291922,.014128846495518,.0090661113841077,.0268473741456408,3.686993952164698,3.68332944412253,2.569999999999993,.019281318,1.826705251293492,-.0051133577,.024362691,-.0022775289,.0048739826,-.0028358288,.019488707,1.0357738,-.35195893,3.5067503
2275,2018q1,2,2018,3,2018q1,Публичное акционерное общество «БАНК УРАЛСИБ»,469012029.7324083,51568440.03964321,4197611.496531218,224480543.111992,17531257.68087215,.0373791215779145,61749053.51833498,28856495.54013875,417443589.6927651,18326935.57978196,-248994.1092568903,12209072.34886026,4514990.089197224,.1099512097143121,408532453.914767,334330033.6967294,18635868.18632309,2150715.559960356,296051.5361744301,.1376525755827456,.0543881094530728,.0110517292957568,7.134349393911887,7.58470439501564,.0390756194254511,-.0005308906669173,.4786242758849232,.8710489881205233,.1316577179343683,.0260314695037269,.0096265976200509,.0397343074482666,2.862989207274794,2.87829723647867,2.239999999999995,.01737763,2.806340848208899,-.0053811902,.034293409,.00007531805,-.0002851905,-.0054565081,.034578599,3.5623314,-.61916494,8.7204571
2275,2018q2,3,2018,6,2018q2,Публичное акционерное общество «БАНК УРАЛСИБ»,490172230.8446228,52208809.61118389,2269453.211223665,227313430.0694109,5837722.716018921,.0119095337285016,78918210.28122711,29958112.00089752,437963421.2334389,6773567.871346679,4366826.60331703,7088952.249858144,3781835.242171338,.106511153276109,432195590.9578488,333418776.822961,13695342.74647115,2066099.34692262,200721.7057172171,.097150074615814,.0311858047617051,.0087502864936449,6.984828947426447,7.250000000000001,.013818750727015,.0089087596737018,.463741957959805,.8817219005106152,.1610009815228456,.0144621661607453,.0077153192371889,.0279398584511255,2.862989207274794,2.87829723647867,2.370000000000005,.017022472,2.806340848208899,-.0017919142,.012157103,-.0017093339,.0049892059,-.000082580373,.0071678972,.84096837,.069372751,2.5979307
2275,2018q3,4,2018,9,2018q3,Публичное акционерное общество «БАНК УРАЛСИБ»,472185291.956568,53052825.37925521,1689870.416777778,238440616.9507142,5329783.219661986,.0112874824998832,56224276.4604091,25265610.21121261,419132466.5773128,6278330.101167124,4169444.764767224,6991795.721267101,3650464.969767918,.1123559464536118,412745414.6158028,336543694.0792926,13546111.93361267,2719851.420474276,232526.167791825,.0854922316864199,.0293230063345806,.0088443501502394,7.079323134017357,7.288423662270072,.0132963271158912,.0088301030036123,.504972562704571,.8741174738957509,.1190724857765808,.0148073136549755,.0077310010115768,.0286881276574338,2.862989207274794,2.87829723647867,2.980000000000004,.017246969,2.806340848208899,-.0013852878,.011288242,-.00096192921,.004601046,-.00042335864,.0066871964,.74296749,.11044762,2.4821322
2275,2018q4,5,2018,12,2018q4,Публичное акционерное общество «БАНК УРАЛСИБ»,503512635.0205149,53339097.42448819,783257.3977350014,261858270.2594202,9757241.111331549,.0193783441222562,51382123.12622391,35386551.40814379,450173537.5960267,10734896.00850378,4775115.174843244,8338552.362652934,3929268.964012555,.1059339800327254,442631703.0670873,350850851.0321128,15202155.93667721,3582688.249049953,384776.6996487392,.1073988784122574,.0318437617203842,.0088770617576324,7.321223748417882,7.53902423028483,.0213200131672295,.0094836054603648,.520062957801945,.8790875785054587,.1020473361589633,.0165607609078433,.0078037147247605,.0301922034906985,2.862989207274794,2.87829723647867,3.870000000000005,.017820993,2.806340848208899,-.0026740476,.018335354,-.00076270173,.0047733248,-.0019113459,.013562029,1.0015378,-.20580591,3.5714989
2275,2019q1,6,2019,3,2019q1,Публичное акционерное общество «БАНК УРАЛСИБ»,487719580.3189813,58528252.82726593,8007354.465907543,253480372.1338627,8404839.940472782,.0172329352349885,154117699.2501674,25596108.62918092,429191327.4917154,9164758.296315527,7522576.817980029,16890340.43165733,5321093.936780897,.1200039022197693,423809939.1358646,335626123.5611297,33810413.83206579,1735210.815864014,4565.602632045235,.0026311515524826,.066633721141681,.0125553778838468,7.573094411210013,7.74999999999999,.0187910403152597,.0154239795192559,.5197256422800987,.8689623222809343,.3159965387269677,.0346312535178731,.0109101503230622,.0693234702817404,4.467793788947205,4.47036660760193,5.159999999999997,.018417645,2.198075696208202,.0050688083,.01217354,-.0039110454,.0099335825,.0089798532,.0022399575,1.4321097,.24482784,2.0941725
2275,2019q2,7,2019,6,2019q2,Публичное акционерное общество «БАНК УРАЛСИБ»,447099913.4406412,66063094.98414748,7692321.982313095,262867248.648477,5441702.244944864,.0121711100390703,93366128.9344645,40589457.25988122,381036818.4564937,6266317.946224705,5103006.165763839,6622297.898009636,5262352.055090382,.1477591316798998,373370364.8289939,336222875.7498636,18719603.66456296,4718066.548725762,328613.1195024153,.0696499542998532,.0251925560603611,.0140941878381284,7.618170305415228,7.708292995124966,.0140154756416804,.0114135700150193,.5879384914785413,.8350937980634704,.2088260948564468,.0148116734066173,.0117699688523626,.0418689494267778,4.467793788947205,4.47036660760193,4.989999999999995,.018524315,2.198075696208202,.004207395,.0080265049,-.0015976275,.0068881866,.0058050225,.0011383183,.035480551,.21610422,.26600781
2275,2019q3,8,2019,9,2019q3,Публичное акционерное общество «БАНК УРАЛСИБ»,486371188.2482386,68318903.44177833,1980944.678598405,269868661.0472174,4875843.857292982,.0100249438599648,103762713.595017,61683282.24859299,418052284.8064603,5785676.884838748,3683782.802815225,6926159.347926692,3998915.427441923,.1404665923732906,411379995.8508087,337902339.3667882,19696164.60917126,2743455.357243689,459603.4407868496,.1675272169358742,.0256649264907231,.0097207337930262,7.056934150568295,7.264993658151586,.0118955995433796,.0075740152620534,.5548615287414586,.8458148956817828,.2133405845209269,.0142404803476797,.0082219414390988,.0404961582533514,4.467793788947205,4.47036660760193,4.290000000000006,.017193791,2.198075696208202,.002877722,.0076469448,-.0012631736,.004610166,.0041408958,.0030367789,.20296714,.34773847,.85150862
2275,2019q4,9,2019,12,2019q4,Публичное акционерное общество «БАНК УРАЛСИБ»,433798536.8398623,70821512.23738857,2894769.62533905,243299381.100849,5794935.833445149,.0133585877805401,93925856.98886316,42959477.57099212,362977024.6024737,6733166.837384346,4682161.956105918,5308075.272756377,3738798.707017099,.1632589928802192,356614016.0599829,347833159.7307331,19366031.90444444,2122993.136013125,494108.4375440667,.2327414201969478,.0218170520974574,.0104841608535886,6.466480056414547,6.599650321330652,.0155214143561529,.0107934019100538,.5608580030565283,.8220728881610492,.2165195338672525,.0122362682719602,.0086187443928546,.0446429166071472,4.467793788947205,4.47036660760193,3.439999999999998,.015788341,2.198075696208202,.0045833765,.0092527075,-.0016968607,.006664474,.0062802369,.0025882334,-.01139746,.20776199,.30139193
2289,2017q4,1,2017,12,2017q4,Акционерное общество «Банк Русский Стандарт»,350494376,46647759,-2198188,106563925,5268894,.0150327490561503,21798013,18801362,303846617,6952038,5072199,6847326,4114782,.1330913195594328,289554342,213180643,10535919,3315357,162402,.0489847699659494,.0642555724181518,.0142107418302848,7.938469967958506,8.2497289405987,.0198349487924451,.0144715560286194,.3040389013260515,.8261312073093008,.0621921904960894,.0195361936420914,.011739937305014,.0300601656444268,3.686993952164698,3.68332944412253,2.569999999999993,.019281318,1.826705251293492,-.028700482,.027734213,-.0019036101,.0067852829,-.026796872,.02094893,-9.5496798,-.45160699,-6.1052685
2289,2018q1,2,2018,3,2018q1,Акционерное общество «Банк Русский Стандарт»,343790589.6927651,44971542.12091179,538188.3052527254,103162477.7006937,4464359.762140733,.0129856950596885,31127115.95639246,15434429.13776016,298819047.5718533,6003782.953419226,4353989.098116947,6409222.993062438,4243275.520317146,.1308108583225081,285574520.3171456,214026017.839445,10059207.135778,2477328.047571853,106588.7016848365,.0430256710609276,.0621274627743779,.0148587328995765,7.134349393911887,7.58470439501564,.0174634883368524,.0126646546725085,.3000735936166454,.8306641568413917,.0905409190641599,.0186428110169919,.0123426168357581,.0292596930729477,2.862989207274794,2.87829723647867,2.239999999999995,.01737763,2.806340848208899,-.022534972,.023340238,-.0030081726,.0064996849,-.0195268,.016840553,-29.90765,-.45179743,-14.309033
2289,2018q2,3,2018,6,2018q2,Акционерное общество «Банк Русский Стандарт»,338151665.6836933,44648300.85533386,282858.9792598849,99765836.93522595,5895984.232154033,.0174359165738049,13512581.30614299,16744456.23663694,293503364.8283595,7368778.951047538,7142892.867811309,6321276.922500581,4279009.202159782,.1320363179789799,280118897.2706947,226320206.0144627,9881946.118419284,2368273.898264129,124762.7477774245,.0526808777772165,.0633611376067014,.0152756891586101,6.984828947426447,7.250000000000001,.0217913430535643,.0211233407748249,.2950328123728564,.828382426282997,.0399601204945199,.0186936146232487,.0126541124483544,.0292234139921784,2.862989207274794,2.87829723647867,2.370000000000005,.017022472,2.806340848208899,-.039745163,.03281901,-.00044502653,.0086540058,-.039300136,.024165004,-3.8441553,-.56840336,-3.6373608
2289,2018q3,4,2018,9,2018q3,Акционерное общество «Банк Русский Стандарт»,340304919.3409038,44216931.2219938,998794.4612385265,103948900.7152861,7310992.688259796,.0214836526677886,11592677.67532951,17715622.8622663,296087988.11891,8839085.591782253,7724057.723096865,6292232.301299393,4233072.044529927,.1299332707491632,281712836.8506179,225520184.781915,10031356.87885373,2452988.141633474,158116.1205413142,.0644585751792598,.0605319754033156,.0150261950852263,7.079323134017357,7.288423662270072,.0259740165052613,.022697461259322,.3054581194906391,.8278247560929592,.034065560080007,.0184899833757504,.0124390562814327,.029477554712645,2.862989207274794,2.87829723647867,2.980000000000004,.017246969,2.806340848208899,-.04622227,.039065104,.00073151244,.0088132061,-.046953782,.030251898,-3.0376463,-.61908799,-2.8959146
2289,2018q4,5,2018,12,2018q4,Акционерное общество «Банк Русский Стандарт»,333547182.3622285,43773209.76320438,-731198.5695293469,105151568.4603389,6342713.967660676,.0190159422806113,8713031.087501097,14273846.98624966,289773972.5990241,8228567.065182496,7093074.067565889,6485397.284585309,4217389.875313859,.131235435578248,276146870.5843459,228222012.5931266,10625261.1329112,2932078.047149934,226493.8329747824,.0772468636006948,.0616766576052688,.0152722711156913,7.321223748417882,7.53902423028483,.0246698743095553,.0212655793322304,.3152524560862441,.8279094688452606,.0261223345548722,.0194437177932513,.0126440578674528,.0318553466938668,2.862989207274794,2.87829723647867,3.870000000000005,.017820993,2.806340848208899,-.044621989,.037533984,.0023531562,.0074636568,-.046975147,.030070327,-3.115536,-.60697019,-2.9454594
2289,2019q1,6,2019,3,2019q1,Акционерное общество «Банк Русский Стандарт»,304100660.0075145,32664025.31915589,1818091.961084679,100865262.2868416,5937991.302823517,.0195264005762986,125214635.2830004,14565185.70525618,271436635.630886,7121854.704389513,5380191.346077319,6160187.420183448,3867584.761929072,.1074118856511155,259955458.8944609,212570605.4960939,10585717.28807534,1728165.423693383,207942.2757818092,.1203254462396321,.0610734288546739,.0148778747650738,7.573094411210013,7.74999999999999,.0234193990378499,.0176921396551536,.3316837993194397,.8548335899305094,.4117539083272831,.0202570669199837,.0127181070959645,.0348099122435767,4.467793788947205,4.47036660760193,5.159999999999997,.018417645,2.198075696208202,-.0059478749,.022172289,-.0096969577,.011872607,.0037490828,.010299682,1.7551847,-.26848957,2.2787657
2306,2017q4,1,2017,12,2017q4,Акционерный коммерческий банк «Абсолют Банк» (публичное акционерное общество),316520847,23943688,-1061276,169632961,-5606076,-.0177115537669467,91035575,22326282,292577159,-5181180.96011461,1401766,6732680,4435982,.0756464802458967,285944105,220121901,9628099,5679014,81965,.0144329631869194,.0396896921465634,.0155134584781875,7.938469967958506,8.2497289405987,-.0163691618078938,.004428668801079,.5359298213934073,.9033973834905099,.2876132041944144,.0212708896232671,.0140148177980833,.0304185303788221,3.686993952164698,3.68332944412253,2.569999999999993,.019281318,1.826705251293492,-.003359844,-.0099151563,-.00091311923,.0025399211,-.0024467248,-.012455078,1.357627,5.3044209,2.0374608
2306,2018q1,2,2018,3,2018q1,Акционерный коммерческий банк «Абсолют Банк» (публичное акционерное общество),294657483.6471754,22876455.89692765,-551637.264618434,170817158.5728444,-2897002.973240832,-.0098317644520094,68194873.14172447,22559767.09613479,271781027.7502477,-2684797.819623389,941953.4192269573,4802600.594648166,3820398.414271555,.0776374508251759,266586141.7244796,214046149.6531219,7294345.887016848,4339867.195242814,71832.50743310207,.0165517754810198,.0281154459819686,.0143308215106695,7.134349393911887,7.58470439501564,-.009111588772129,.003196774124206,.5797143057713133,.9047322960366125,.231437777509094,.0162989262488878,.0129655570494389,.0247553389675693,2.862989207274794,2.87829723647867,2.239999999999995,.01737763,2.806340848208899,-.0018832784,-.0051628863,-.00046012845,.0017195964,-.00142315,-.0068824827,.76222891,1.333088,1.1781965
2306,2018q2,3,2018,6,2018q2,Акционерный коммерческий банк «Абсолют Банк» (публичное акционерное общество),306606212.9926251,16399933.7449203,-5622675.163583164,183201263.8283942,-3947750.475288993,-.0128756375702796,63985393.08895577,27018318.41155702,290206279.2477047,-3645141.480485251,1277776.677231259,4958877.915895276,3398171.650082956,.0534885891086453,280735349.0071643,212852195.8616269,7211476.093743288,3441838.611805055,95025.43602726853,.0276089168450095,.0270679241631231,.0121045378221901,6.984828947426447,7.250000000000001,-.0118886745474167,.0041674846206133,.5975132142309223,.915621853409464,.2086891601589783,.0161734423692665,.0110831793554186,.023520319511323,2.862989207274794,2.87829723647867,2.370000000000005,.017022472,2.806340848208899,-.0022170346,-.0067769573,-.0005151268,.0021725695,-.0017019077,-.0089495266,.76677072,4.3953762,1.6020269
2306,2018q3,4,2018,9,2018q3,Акционерный коммерческий банк «Абсолют Банк» (публичное акционерное общество),288805956.7259285,19335392.64139504,-2433661.475814097,179822222.6396013,-1980196.577336774,-.0068564949275473,54572316.00454632,21737510.48436423,269470564.0845335,-1688575.356001179,1287341.007852818,4235277.831742963,3209537.154766539,.0669494246607384,262590580.4663039,206064343.7043096,6289290.927349236,3226836.092067184,69477.91871814283,.0215312822640563,.0235525830432609,.0122225905783334,7.079323134017357,7.288423662270072,-.0058467469824509,.0044574600276492,.6226402830404543,.9092284087322254,.1889584156199882,.0146647869723898,.0111131265821235,.0217768739905793,2.862989207274794,2.87829723647867,2.980000000000004,.017246969,2.806340848208899,-.0011757443,-.0031560268,-.00042859564,.0022587746,-.0007471487,-.0054148016,.42744482,1.5334171,1.0524336
2306,2018q4,5,2018,12,2018q4,Акционерный коммерческий банк «Абсолют Банк» (публичное акционерное общество),253221220.0694731,13926215.96835096,-5237260.98179289,166481023.0888658,-4381156.266757758,-.0173016948009166,39136367.78819112,14996159.85816198,239295004.1011221,-4065095.949579827,2267950.610120919,5504630.949200916,3023577.627866082,.0549962438555908,232789236.1381429,222328164.0208634,7803380.176674363,3787865.072021077,49940.89377906155,.013184443698364,.0330646150958755,.0129884769503338,7.321223748417882,7.53902423028483,-.0160535359100811,.0089564002949622,.6574528905720876,.919311723062844,.1545540605856562,.0217384267704369,.0119404591251734,.0308164543814039,2.862989207274794,2.87829723647867,3.870000000000005,.017820993,2.806340848208899,-.0028048721,-.0083197616,-.00047852864,.0041690138,-.0023263434,-.012488775,1.1339375,34.663242,2.1011255
2306,2019q1,6,2019,3,2019q1,Акционерный коммерческий банк «Абсолют Банк» (публичное акционерное общество),245928493.0821445,18107820.01478289,4525832.68921717,157285511.1559975,2750087.540819353,.0111824681489866,49144183.48990276,12101052.48899068,227820673.0673616,2858292.511704301,1089921.697532975,11171378.35419464,2864064.549383625,.0736304272345318,220054894.0242883,201564397.5251455,24722857.95350229,2159766.619329948,52264.08578644515,.0241989506267393,.0710261121452868,.0130152276870857,7.573094411210013,7.74999999999999,.0116224536485473,.0044318642540087,.6395579023186279,.8947921864051191,.1998311902536959,.0454253112934873,.0116459240386879,.1005286440934862,4.467793788947205,4.47036660760193,5.159999999999997,.018417645,2.198075696208202,.0029744518,.0055339038,-.00039155025,.0022485848,.0033660019,.0032853191,2.2605243,.12987898,3.3358231
2306,2019q2,7,2019,6,2019q2,Акционерный коммерческий банк «Абсолют Банк» (публичное акционерное общество),246812151.858806,23702285.07903564,-228037.6286213136,157876350.969966,1907959.792911904,.0077304126986559,47827970.38541313,13758633.35756095,223109866.7797703,1996085.962874155,1448797.896293929,5879193.205246272,2882544.688781495,.0960337037723938,221053873.4813685,189237284.3278388,12528709.39568955,7746111.157650378,26745.58071332422,.0034527752273357,.0372392265790632,.0130400098554457,7.618170305415228,7.708292995124966,.0080874703609248,.0058700428053589,.639661984958838,.8956361014502517,.1937828831571231,.0238205175918955,.0116791035898043,.0507621253707834,4.467793788947205,4.47036660760193,4.989999999999995,.018524315,2.198075696208202,.0019938094,.0039022155,-.00049691991,.0029558346,.0024907293,.0009463809,.77202702,.32445285,1.3977755
2306,2019q3,8,2019,9,2019q3,Акционерный коммерческий банк «Абсолют Банк» (публичное акционерное общество),239724208.0142671,22487197.45427383,-1437119.314815809,165972238.9327113,1979692.467558639,.0082582083968792,31982885.45796116,12196975.01420294,217237010.5599933,2068954.026788196,2593958.901247339,4398489.251960303,2773245.289922943,.0938044498740632,212191437.0543148,195061971.0293068,11022095.00434158,2973264.07583592,265211.2067142509,.0891986718803939,.0265013551678576,.0130695438440952,7.056934150568295,7.264993658151586,.0086305594413104,.0108205963958924,.692346594061262,.8851481409073476,.1334153347419035,.018348122988474,.011568482436108,.0459782309665013,4.467793788947205,4.47036660760193,4.290000000000006,.017193791,2.198075696208202,.0018885515,.0040191286,-.00023560283,.0049622208,.0021241542,-.00094309216,.37185168,.41787481,.74423337
2306,2019q4,9,2019,12,2019q4,Акционерный коммерческий банк «Абсолют Банк» (публичное акционерное общество),232324865.9997047,22561082.54781672,-203488.7732745451,167875878.4590343,2036327.628147421,.0087650007647051,23978578.1290087,12157647.46149948,209763783.451888,2133399.102783666,2566243.574423998,4507014.084637829,2818380.707733949,.0971100637494628,207543809.1255657,200802533.4525369,11853137.97235368,2708439.528040795,-153222.7414817867,-.0565723324798112,.0268473000767507,.0135796905704318,6.466480056414547,6.599650321330652,.0091828272174119,.0110459272767955,.7225910913007809,.8933344617783165,.1032114148686916,.0193996198609389,.0121312055668528,.0510196698977919,4.467793788947205,4.47036660760193,3.439999999999998,.015788341,2.198075696208202,.001602668,.0043677581,.00015671794,.0046341033,.00144595,-.00026634522,.55778384,.18590336,.78676575
2307,2017q4,1,2017,12,2017q4,Акционерное общество Ингосстрах Банк,76749984,9477547,-428024,48638334,2654724,.0345892449958035,14169316,4975232,67272437,2696984,2171617,1777399,1026628,.1234859801403998,65818158,63352143,2289447,928779,122877,.1322995028957373,.0365431718940044,.0155979448710795,7.938469967958506,8.2497289405987,.0351398640030987,.0282946899376552,.6337243536102887,.8575657553231542,.1846165336008409,.0231582979873976,.0133762633748562,.0298299345573805,3.686993952164698,3.68332944412253,2.569999999999993,.019281318,1.826705251293492,.009550347,.011184911,-.00069750671,.011987112,.010247854,-.00080220029,.23752782,.30316648,.41389215
2307,2018q1,2,2018,3,2018q1,Акционерное общество Ингосстрах Банк,80515815.65906838,8898065.411298314,229159.5639246779,51932248.76114964,1170346.878097126,.0145356147549045,16277414.27155599,3992240.832507432,71617750.24777006,1209990.089197225,497339.9405351833,1947147.670961348,984648.1665014866,.1105132617543835,70394884.04360752,67915047.57185331,2337682.854311199,869746.2834489592,193538.1565906838,.2225225451073072,.0374939987659076,.013987496106841,7.134349393911887,7.58470439501564,.0150279802706184,.0061769223408366,.6449943819863742,.8742988376554942,.2021641852388375,.0241834185622144,.0122292515879219,.0290338343488905,2.862989207274794,2.87829723647867,2.239999999999995,.01737763,2.806340848208899,.0042858189,.0046484494,-.00022499093,.002654278,.0045108097,.0019941714,.71295899,.087347731,1.0268883
2307,2018q2,3,2018,6,2018q2,Акционерное общество Ингосстрах Банк,90897261.08404529,9075372.900574034,-43220.75003966871,61812993.37037315,1004905.974862689,.0110554043419805,15703800.37018898,5275749.993576513,81821888.18347126,1051075.64474646,408711.2680904513,1876636.885877881,1037136.187924355,.0998420941658822,80382884.92818542,77403551.09967153,2310472.323401675,1140687.699483591,249363.6825271547,.2186081980545998,.0303599095198866,.0129024504264924,6.984828947426447,7.250000000000001,.0115633368069761,.0044964090580524,.6800314182538428,.8843268099559338,.1727642855560736,.0206456923288669,.0114099828262746,.0254185032183244,2.862989207274794,2.87829723647867,2.370000000000005,.017022472,2.806340848208899,.0030817452,.0036416007,-.000064316191,.0018581388,.0031460614,.0017834619,.50531071,.1591021,.89175856
2307,2018q3,4,2018,9,2018q3,Акционерное общество Ингосстрах Банк,87833555.55661318,9277948.704328379,281369.7109357071,53318275.86452153,1025208.446890172,.0116721729001324,17515347.69710495,6847881.484343551,78555606.85228479,1073095.53267613,468593.0765047955,1875052.431851521,1100924.257898907,.1056310272939853,77577623.8523165,74678091.74932362,2314857.406780627,3922317.784042531,289397.9201526273,.0737823746280853,.035167161755491,.0141912603561398,7.079323134017357,7.288423662270072,.0122173755334824,.0053350120410731,.6070376580640096,.8832344695679978,.1994152187749637,.0213477915128115,.0125342103131565,.0263550461109204,2.862989207274794,2.87829723647867,2.980000000000004,.017246969,2.806340848208899,.0027356036,.0047192769,-.00027359728,.0023142062,.0030092008,.0024050707,.736121,.039203726,1.0445476
2307,2018q4,5,2018,12,2018q4,Акционерное общество Ингосстрах Банк,90193826.96997781,9401614.890972462,234362.9220670418,63008730.17826372,1369912.71883418,.0151885418864661,9065729.744864155,5290489.487420504,80792212.07900535,1425429.556339981,475996.1354020972,1960357.217162026,1080753.056966379,.1042378975015875,79540689.96922278,72731177.47775622,2444537.243727972,338053.1408031657,232292.1598163139,.6871468765662733,.031112469837367,.0135874237121222,7.321223748417882,7.53902423028483,.015804070014841,.0052774801934121,.6985924901405614,.8818861849126208,.1005138605315173,.0217349377781093,.0119825612602747,.0271031546819902,2.862989207274794,2.87829723647867,3.870000000000005,.017820993,2.806340848208899,.0023972273,.0060659698,.00027914796,.0018338154,.0021180795,.0042321542,.56037694,.000079435013,.9809916
2307,2019q1,6,2019,3,2019q1,Акционерное общество Ингосстрах Банк,85140674.59313037,10158095.44304004,991518.0688797857,56373933.07366897,997433.3707209741,.0117151217733181,15982783.64437648,8672379.165062776,74982579.15009032,1036878.141602703,499280.3167341375,1971130.13188674,1037923.404467884,.1193095484805996,74517614.37023222,66875233.83942051,2333619.56480709,5342100.044514257,0,0,.0349652760489655,.0139285645848924,7.573094411210013,7.74999999999999,.0121784111596217,.0058641808879257,.6621269251514428,.8752293157922045,.1877220696307011,.0231514507173729,.0121906880516029,.0274089860804953,4.467793788947205,4.47036660760193,5.159999999999997,.018417645,2.198075696208202,.0034373575,.0037360636,-.00014748929,.0024835779,.0035848469,.0012524857,.58915073,.21319968,.99648571
2307,2019q2,7,2019,6,2019q2,Акционерное общество Ингосстрах Банк,88864166.37895428,10000986.23471434,-34022.16488238644,60259966.3262923,1134535.220933376,.0127670721187575,17577250.95019953,6262248.514893285,78863180.14423993,1184027.016995054,426329.9189523536,1821531.087763516,1045544.904051573,.1125423963587969,78262159.88930847,74679883.20942198,2238675.825620707,2862048.992275517,0,0,.0302278809433844,.0133595201759108,7.618170305415228,7.708292995124966,.0133240097245257,.0047975459212018,.6781132236059965,.880694244692125,.1977990867009624,.0204979257892967,.011765652530773,.0251921096752773,4.467793788947205,4.47036660760193,4.989999999999995,.018524315,2.198075696208202,.0040512984,.0038216745,-.00014220516,.002060463,.0041935034,.0017612115,.33058026,.22509384,.72208971
2307,2019q3,8,2019,9,2019q3,Акционерное общество Ингосстрах Банк,97079554.10388614,10285465.53106886,291339.681777976,67844329.45410475,984556.0620282377,.0101417447897901,16379363.61939307,8105577.922987321,86794088.57281728,1036980.035833868,422920.7488298386,2037436.938643512,1177727.810228993,.1059488336757526,86275643.3433727,80104153.89214857,2446112.153982961,585350.8093136637,0,0,.0300310572016456,.0136507566282838,7.056934150568295,7.264993658151586,.0106817552409046,.0043564348099216,.698852915841616,.8887107500622424,.1687210429692053,.0209872918911764,.0121315741620392,.0251969858799036,4.467793788947205,4.47036660760193,4.290000000000006,.017193791,2.198075696208202,.0029132299,.0032810161,-.000045586992,.0017963251,.0029588169,.001484691,.49018222,.13599485,.80805707
2307,2019q4,9,2019,12,2019q4,Акционерное общество Ингосстрах Банк,95531997.4830384,10660038.96690196,396405.9033845286,68186445.01350893,1246700.903515107,.0130500872625055,15540622.6047709,7263912.096397286,84871958.51613644,1293271.79326144,569924.0031339035,2222390.595529475,1350172.326945111,.1115860575279464,84234264.49095157,79604656.39010191,2681344.92225453,428758.4077653172,0,0,.0325928503104859,.0160287780169333,6.466480056414547,6.599650321330652,.0135375772237052,.0059657917572078,.7137550434409723,.8817387546607854,.1626745280556928,.023263311289226,.014133194767385,.0280675061016138,4.467793788947205,4.47036660760193,3.439999999999998,.015788341,2.198075696208202,.0038624052,.0038660744,-.000012889864,.0024389066,.0038752952,.0014271678,.65751898,-.095532201,.63749653
2312,2017q4,1,2017,12,2017q4,Акционерное общество «Банк ДОМ.РФ»,358015445,41862030,-2573067,195031398,10924468,.0305139572958926,83685636,22574212,316153415,11027399,4703804,7951557,5346667,.116928000131391,297196825,228769706,10448377,9452868,80733,.0085405826041367,.0407706506826147,.0179903234161401,7.938469967958506,8.2497289405987,.0308014616520245,.0131385504890718,.5447569391873582,.8301229155071788,.2337486752841068,.0222100948745382,.0149341797251233,.0291841515384902,3.686993952164698,3.68332944412253,2.569999999999993,.019281318,1.826705251293492,.00859519,.018199097,-.0022199305,.007968476,.01081512,.010230621,.35466695,-.31677276,.41538006
2312,2018q1,2,2018,3,2018q1,Акционерное общество «Банк ДОМ.РФ»,336710615.4608523,32970171.45688801,-3434515.361744301,188291456.8880079,5040487.61149653,.0149697912095752,71552818.63230921,20318085.23290386,303740444.0039643,5114982.160555004,3325064.420218037,5937125.867195242,4796922.695738355,.0979184199813899,282056512.3885034,244353206.1446977,7795105.054509414,7872184.340931615,63624.38057482655,.0080821761558619,.0315315732605252,.0170069560001192,7.134349393911887,7.58470439501564,.0151910332662194,.0098751398605804,.5592085554840478,.8376822690976212,.2125053839908659,.0176327255351577,.0142464254926233,.0231507552675176,2.862989207274794,2.87829723647867,2.239999999999995,.01737763,2.806340848208899,.0039202548,.0088414382,-.0014210792,.0057527558,.0053413338,.0030886824,.38789663,-.13525365,.4109166
2312,2018q2,3,2018,6,2018q2,Акционерное общество «Банк ДОМ.РФ»,282069475.8454338,8749011.714674793,-3946592.286284708,141876038.6680179,3853215.381769889,.0136605188144546,71630127.97743326,23807119.26326234,273320464.1307591,3951977.227709373,2599251.69810514,5228979.163777732,4252517.529730225,.0310172225777064,246285895.7684814,205566477.0087224,6840268.182047306,7429491.199038458,19839.25788034348,.0026703387013785,.0368559709790972,.0172665897755175,6.984828947426447,7.250000000000001,.0140106518646312,.0092149343359983,.5029826011580283,.8731391265584484,.2539449820394057,.0185379121512711,.0150761351152384,.0242502956462953,2.862989207274794,2.87829723647867,2.370000000000005,.017022472,2.806340848208899,.0020927107,.0091211759,-.0018633098,.0052692625,.0039560203,.0038519134,.75684553,-.19395462,.73663706
2312,2018q3,4,2018,9,2018q3,Акционерное общество «Банк ДОМ.РФ»,215021795.5158771,-20812083.01616696,5064924.317380007,104952203.0777853,2739901.997050821,.0127424384606095,60226791.68576616,16326664.82787276,235833878.532044,2829208.648726377,1819046.648003997,1666615.756702104,3241697.641918519,-.0967905740263908,210497670.481036,174385365.8187666,3167309.027265105,7454371.776102107,61431.22253296173,.008240965755143,.0158797596222625,.0154001592250902,7.079323134017357,7.288423662270072,.0131577761311991,.0084598244733273,.4881003008368781,.9789596909281365,.2800962178800104,.0077509154488436,.0150761351152384,.0147301766300767,2.862989207274794,2.87829723647867,2.980000000000004,.017246969,2.806340848208899,-.00051041227,.0089872042,-.0019008066,.004258032,.0013903943,.0047291722,-.14796104,-.14319216,-.054244421
2312,2018q4,5,2018,12,2018q4,Акционерное общество «Банк ДОМ.РФ»,199596416.1789299,23058320.81544707,33089153.8079135,96700494.09239091,4658631.669473032,.0233402570980872,62128252.85146584,16477402.76282749,176538095.3634828,4750673.248862895,16277099.80778816,2895559.081450672,2882352.797603398,.1155247236241769,169477487.3052817,154091527.3920901,4451070.244877058,7522418.84643241,216730.1552681889,.0288112320907225,.0299435810398668,.0170072901329448,7.321223748417882,7.53902423028483,.0238013955350988,.0815500604639936,.484480112136397,.8491008533607747,.3112693806875292,.01450706949996,.0144409045652377,.0223003515297933,2.862989207274794,2.87829723647867,3.870000000000005,.017820993,2.806340848208899,.0052861678,.013977551,-.018610813,.047803793,.023896981,-.033826243,-.28223789,-2.0595779,-.26795956
2312,2019q1,6,2019,3,2019q1,Акционерное общество «Банк ДОМ.РФ»,181838080.8025764,11356553.88109596,-4550944.446220799,91860842.97841892,3792713.214389482,.0208576399269594,56803586.06520966,10495303.46402823,170481526.9214804,3858128.384718645,2702972.482113598,4054522.815032284,2481085.513734533,.0624542110814835,148979105.9475815,133192923.147015,7359513.925956986,4432778.845976756,0,0,.0441376617454384,.0166539159834098,7.573094411210013,7.74999999999999,.0212173839917913,.0148647217908566,.5051793473235854,.819295415404927,.3123855345068338,.0222974351529498,.0136444770137465,.0404728970602549,4.467793788947205,4.47036660760193,5.159999999999997,.018417645,2.198075696208202,.0068201171,.010789384,-.0030194696,.0088792462,.0098395869,.0019101379,.56199521,-.0078866761,.66598058
2312,2019q2,7,2019,6,2019q2,Акционерное общество «Банк ДОМ.РФ»,191957703.8439579,23018818.66848881,3177564.447116198,109884861.5662646,2909163.216542323,.015155230336091,46835751.28710738,13113440.7147407,168938885.1754691,2987013.044758563,1613664.983776737,2934378.556548377,1527038.225496517,.1199160971794118,160706760.0402184,144496883.7938076,7090781.370804129,4356707.399143239,0,0,.0267041202466169,.0095020161262312,7.618170305415228,7.708292995124966,.0155607875325843,.0084063569810591,.57244309223239,.8371988038097011,.2439899537722127,.0152865891693189,.0079550765346612,.0369392904208117,4.467793788947205,4.47036660760193,4.989999999999995,.018524315,2.198075696208202,.0049123215,.007155431,-.0010750036,.004637341,.0059873252,.00251809,.089446478,.54111081,.72403198
2312,2019q3,8,2019,9,2019q3,Акционерное общество «Банк ДОМ.РФ»,221793396.9057972,59691075.13538209,-703146.3578100133,150291654.7950731,4974619.234526601,.0224290682406541,40903487.61034413,13087399.70372551,162102321.7704151,5036905.070090267,4289549.690780209,4889536.066531075,1991588.472436413,.269129180436038,157972114.5348053,146331600.8321499,9472433.455600122,4408906.304156982,0,0,.0325336498104176,.0126072153829252,7.056934150568295,7.264993658151586,.022709896418736,.0193402948447655,.6776200594416559,.7122489521268351,.1844215751279429,.0220454537183892,.0089794759457258,.0427083654777305,4.467793788947205,4.47036660760193,4.290000000000006,.017193791,2.198075696208202,.012295446,.0044313893,-.0009014096,.011777449,.013196856,-.0073460601,.07051523,2.2680638,.26079524
2440,2017q4,1,2017,12,2017q4,АКЦИОНЕРНЫЙ КОММЕРЧЕСКИЙ БАНК «МЕТАЛЛУРГИЧЕСКИЙ ИНВЕСТИЦИОННЫЙ БАНК» (ПУБЛИЧНОЕ АКЦИОНЕРНОЕ ОБЩЕСТВО),74564120,8745319,-9459,47958543,1098357,.0147303689763924,16549116,7165472,65818801,1196235,663589,1510559,842602,.1172858876360373,64220815,51289861,2122454,4448278,37409,.0084097711518929,.0314971828898138,.0131203878368719,7.938469967958506,8.2497289405987,.0160430378578866,.0088995752917087,.6431852612221535,.8612830809241764,.2219447637818296,.0202585238047468,.0113003680590611,.0284648165900704,3.686993952164698,3.68332944412253,2.569999999999993,.019281318,1.826705251293492,.0052378015,.0043518902,-.00039352768,.0039278255,.005631329,.0004240647,.26430494,.42355835,.67969596
2440,2018q1,2,2018,3,2018q1,АКЦИОНЕРНЫЙ КОММЕРЧЕСКИЙ БАНК «МЕТАЛЛУРГИЧЕСКИЙ ИНВЕСТИЦИОННЫЙ БАНК» (ПУБЛИЧНОЕ АКЦИОНЕРНОЕ ОБЩЕСТВО),75814218.03766105,8864814.667988107,194987.1159563925,47608464.81665014,903948.4638255697,.011923205003269,17113233.89494549,8224517.343904856,66949403.36967294,967327.0564915757,531531.2190287412,1517399.405351833,816661.0505450941,.1169281290164395,65562446.97720514,50578992.07135777,2016091.17938553,2931650.148662041,99479.68285431119,.033932999440507,.0318724708136598,.0124562320077686,7.134349393911887,7.58470439501564,.0127591773882183,.0070109701423643,.6279622219805845,.8647777247354409,.2257259170891193,.0200147075921572,.0107718719744549,.0265925209224479,2.862989207274794,2.87829723647867,2.239999999999995,.01737763,2.806340848208899,.0039578564,.0037793792,-.00036564417,.0031145385,.0043235007,.00066484069,.46870095,.32440618,.89946234
2440,2018q2,3,2018,6,2018q2,АКЦИОНЕРНЫЙ КОММЕРЧЕСКИЙ БАНК «МЕТАЛЛУРГИЧЕСКИЙ ИНВЕСТИЦИОННЫЙ БАНК» (ПУБЛИЧНОЕ АКЦИОНЕРНОЕ ОБЩЕСТВО),96331949.71753329,9198405.719982654,445099.5856213532,56165713.8004153,1126076.473425299,.0116895430511601,25265772.50422038,12035444.11399718,87133543.99755064,1212202.192929379,757977.3332310806,1610532.910121983,870292.2460962362,.0954865519379025,85409928.29819572,74077837.36202006,2234261.329412685,6180778.102951136,56272.68692199651,.0091044664578927,.0286746629063597,.0101895911100375,6.984828947426447,7.250000000000001,.0125835945030058,.007868389827608,.5830434654868469,.8866209865847897,.2622782221091263,.0167185748325911,.0090343053228771,.0231933573021623,2.862989207274794,2.87829723647867,2.370000000000005,.017022472,2.806340848208899,.0033621492,.0048871436,-.00080903445,.0037310307,.0041711838,.0011561129,.35298333,.50034517,.9967351
2440,2018q3,4,2018,9,2018q3,АКЦИОНЕРНЫЙ КОММЕРЧЕСКИЙ БАНК «МЕТАЛЛУРГИЧЕСКИЙ ИНВЕСТИЦИОННЫЙ БАНК» (ПУБЛИЧНОЕ АКЦИОНЕРНОЕ ОБЩЕСТВО),100200950.0698847,9183373.266698439,82798.26584935554,48971736.64679559,1557578.644900417,.0155445496655879,36254047.16692142,11492683.61000244,91017576.80318622,1645811.106420176,888467.1536518882,1668938.303714683,1142424.582649856,.0916495628064758,89332175.36773595,71014308.37842114,2563678.377597026,3049088.757229351,156026.1201294921,.0511713933415536,.0340796226148106,.0127885006488095,7.079323134017357,7.288423662270072,.0164251048046182,.0088668535880371,.4887352526362322,.891530223071055,.3618134073742434,.0166559129683969,.0114013348361775,.0255853699571611,2.862989207274794,2.87829723647867,2.980000000000004,.017246969,2.806340848208899,.003263473,.0081846984,-.0018900936,.0046242345,.0051535666,.0035604639,.52137536,.054927301,.89942563
2440,2018q4,5,2018,12,2018q4,АКЦИОНЕРНЫЙ КОММЕРЧЕСКИЙ БАНК «МЕТАЛЛУРГИЧЕСКИЙ ИНВЕСТИЦИОННЫЙ БАНК» (ПУБЛИЧНОЕ АКЦИОНЕРНОЕ ОБЩЕСТВО),94591278.81675327,9004197.973586829,353611.2945614241,51366065.33248048,447545.5371706876,.0047313615247521,28862572.09718822,10267318.66244739,85587080.84316644,595589.1535895341,-22933.37905013502,1403875.722759531,1021535.61039884,.0951905723891332,83594801.54070832,66176288.83923946,2376749.864312465,7083723.387072481,69995.80740396344,.0098812169221208,.0273308012531731,.0122200853590325,7.321223748417882,7.53902423028483,.0062964489014187,-.0002424470769082,.5430317252818758,.8837474509954787,.3051293148610684,.0148414921578467,.0107994692869922,.0251265221703664,2.862989207274794,2.87829723647867,3.870000000000005,.017820993,2.806340848208899,.0016244659,.0026477838,.000034960714,-.0001202149,.0015895052,.0027679987,.40804219,.18901077,.97911739
2443,2017q4,1,2017,12,2017q4,Публичное акционерное общество «МЕТКОМБАНК»,81556385,21406362,-938557,40545816,361396,.0044312410364927,28795878,4654762,60150023,395609,213127,917646,635040,.2624731589071782,58989335,56706077,1409956,270870,369504,1.364137778270019,.0226323229010855,.0107653358018021,7.938469967958506,8.2497289405987,.0048507422196312,.0026132472644539,.4971507258444572,.7232951166239161,.3530793818289028,.0112516757578208,.0077865148142601,.0172881130030469,3.686993952164698,3.68332944412253,2.569999999999993,.019281318,1.826705251293492,.0026232835,.0012728213,-.00044963654,.001608773,.00307292,-.00033595168,.012439899,.84874946,.63548958
2443,2018q1,2,2018,3,2018q1,Публичное акционерное общество «МЕТКОМБАНК»,80831447.96828543,20062818.63230921,392549.0584737363,34537689.79187313,323500.4955401387,.0040021613328895,35959193.26065411,4179176.412289395,60768629.33597621,353004.9554013875,71639.24677898909,733302.2794846381,572691.7740336966,.2482056073049805,59950490.58473735,55486071.35777997,1293220.019821605,462636.2735381565,231082.2596630327,.499490145672665,.0212319435348333,.0095527454145554,7.134349393911887,7.58470439501564,.00436717347362,.0008862793947115,.4272803551091172,.7416728524801287,.4448663752103371,.0090719923732203,.0070850119406298,.0159989713450266,2.862989207274794,2.87829723647867,2.239999999999995,.01737763,2.806340848208899,.0019854112,.0017639926,-.00024791789,.00056867476,.002233329,.0011953178,.082657084,.61681497,.80144322
2443,2018q2,3,2018,6,2018q2,Публичное акционерное общество «МЕТКОМБАНК»,73999316.85481763,17282581.64153727,-17409.12040987926,28135174.48445879,432081.9727145969,.0058389994810671,34133359.82490458,4922665.140982297,56716735.21328036,467343.4831617363,423306.8031884815,782877.9064807,627819.8371788281,.2335505566280388,56172290.27413481,52334731.52865061,1329914.796124411,694440.7123931323,232698.9020446694,.3350882197599835,.0278255927260427,.0111766822060292,6.984828947426447,7.250000000000001,.0063155107780067,.0057204150143573,.380208570569082,.7590920114079105,.461265877519819,.0105795288356062,.0084841301766417,.0179719874810956,2.862989207274794,2.87829723647867,2.370000000000005,.017022472,2.806340848208899,.0018033386,.0033420555,-.001987119,.0036078349,.0037904577,-.00026577944,.33693781,.56013411,.8591122
2443,2018q3,4,2018,9,2018q3,Публичное акционерное общество «МЕТКОМБАНК»,74047378.6641515,17367574.54880649,583627.7500096812,28794776.34423015,445227.494619555,.0060127380962252,34425218.9667107,3462981.813644846,56679804.11534502,484488.9502142639,106340.9334305698,698455.174870378,609139.7662098564,.2345467842633387,56011665.62242602,50547490.90049155,1262462.413565165,270275.5839824502,150702.8462686546,.5575895685732388,.0242563153302746,.0108752303549775,7.079323134017357,7.288423662270072,.0065429588319623,.0014361201618343,.3888696246065837,.7564300942572447,.464908003331885,.0094325442368228,.0082263515224849,.0170493869781829,2.862989207274794,2.87829723647867,2.980000000000004,.017246969,2.806340848208899,.0021341152,.0032772594,-.00048165774,.00090868637,.0026157729,.0023685731,.22119673,.30226707,.79796231
2443,2018q4,5,2018,12,2018q4,Публичное акционерное общество «МЕТКОМБАНК»,77568612.87310196,17424495.86622398,665182.553452445,35298502.13514806,420604.4485669587,.0054223536168559,30936928.09755908,3693913.500857414,60144117.00687797,449311.1243244928,203115.6876950629,811341.2082316238,566068.9984726951,.2246333306840167,59552959.14972735,53720585.54959092,1369285.040085935,226191.5459702596,116584.5886042083,.5154241645244216,.0229851455204877,.0095053042964581,7.321223748417882,7.53902423028483,.0057924346933926,.0026185293274143,.4550616651208459,.7677455731631138,.3988330711568894,.0104596585935981,.007297655295174,.0176525657655631,2.862989207274794,2.87829723647867,3.870000000000005,.017820993,2.806340848208899,.0023802766,.0022546798,-.0006041702,.0015654244,.0029844467,.00068925542,.10476612,.7480886,.84032053
2443,2019q1,6,2019,3,2019q1,Публичное акционерное общество «МЕТКОМБАНК»,81401280.15266632,17216846.99676521,-316331.982033372,37823332.5459872,387930.1319798386,.0047656514891693,33460443.9903431,3374093.448367111,64184433.1559011,415644.2070815434,207255.1733212888,660627.8089243306,694239.2778469906,.2115058505772316,63157597.64353961,47157835.31092745,1236930.520680785,254177.0139140031,103819.3909826141,.4084531066909922,.0174661449548665,.010992173606179,7.573094411210013,7.74999999999999,.0051061138879144,.0025460923087768,.4646527975364806,.7758796609228862,.4110555009403878,.0081156931154564,.0085286039303677,.0151954676678419,4.467793788947205,4.47036660760193,5.159999999999997,.018417645,2.198075696208202,.0021666959,.0019347557,-.00058788992,.0015251394,.0027545858,.00040961627,-.17504467,.61532933,.27056453
2443,2019q4,9,2019,12,2019q4,Публичное акционерное общество «МЕТКОМБАНК»,87497837.21551171,18027072.51861604,198073.5751823265,37364958.05140206,399140.4946521358,.0045617184076108,38020095.56703833,4888498.874131612,69470764.69689567,431022.0313061003,282124.5606277753,628423.5932497568,790904.6667052972,.2060287784509967,68696570.07683006,57941950.36579972,1522057.862676997,326445.7883272026,175346.1246811585,.5371370406696927,.0168185280011622,.011513015363369,6.466480056414547,6.599650321330652,.004926087832828,.0032243603911362,.427038647359594,.7851230643293142,.4345261183244205,.0071821614481958,.0090391339017587,.0173953769728969,4.467793788947205,4.47036660760193,3.439999999999998,.015788341,2.198075696208202,.0016715863,.0023396641,-.00092446373,.0019692935,.00259605,.00037037069,-.085173503,.32860625,.192037
2546,2018q1,2,2018,3,2018q1,Акционерный Коммерческий Банк «НОВИКОМБАНК» акционерное общество,415328608.5232903,38196471.75421209,3434556.987115956,360645338.9494548,900554.0138751238,.0021682927575759,19501515.3617443,19517539.14767096,377132136.7690783,954000.9910802774,268476.7096134787,5339997.026759167,2856463.825569871,.0919668690534477,374286626.3627353,369209858.2755203,6033306.243805747,2518029.732408325,1995776.015857284,.7925943010801781,.0148067823150421,.0076317549823476,7.134349393911887,7.58470439501564,.002296978757308,.0006464199771069,.8683373395146965,.9011819043564548,.0469544234650301,.012857281962217,.0068775994885739,.0145265847812827,2.862989207274794,2.87829723647867,2.239999999999995,.01737763,2.806340848208899,.00026439127,.0012123606,.000055348966,.00023287957,.00020904231,.00097948103,-.15806799,1.0180181,.88842815
2590,2017q4,1,2017,12,2017q4,Акционерный коммерческий банк «АК БАРС» (публичное акционерное общество),396186549,63900838,-1156428,232063679,5854174,.0147763068049037,98687329,28132997,332285711,6221659,-210331.7412222867,6306017,5483311,.1612897716020137,317321421,287149368,9357237,5806602,714093,.1229794981643309,.0271736491775604,.017279990057778,7.938469967958506,8.2497289405987,.0157038622732242,-.0005308906669173,.5857434574337353,.8009394104896782,.2490930831677478,.0159167872203556,.0138402250501442,.0236182601948962,3.686993952164698,3.68332944412253,2.569999999999993,.019281318,1.826705251293492,.0063666045,.0077617932,.000083024548,-.00034062113,.0062835799,.0081024142,.062928118,-.24036674,.15320596
2590,2018q1,2,2018,3,2018q1,Акционерный коммерческий банк «АК БАРС» (публичное акционерное общество),403788507.433102,66237102.08126857,1048560.951437066,232600066.4023786,3076746.283448959,.0076196975070141,114560953.4192269,25517109.01883052,337551405.3518335,3391473.736372646,1684348.860257681,6086705.649157581,5256664.023785926,.1640390968587497,327394611.4965312,302399553.0227948,9071098.116947472,5107748.265609514,958198.2160555004,.18759699308344,.0261681165586088,.0160560493031866,7.134349393911887,7.58470439501564,.0083991338880157,.0041713640414512,.5760442957651903,.8108071563942977,.2837152403061072,.0150739942745052,.0130183596784434,.0224649734946959,2.862989207274794,2.87829723647867,2.239999999999995,.01737763,2.806340848208899,.003499757,.0041826656,-.00075885444,.0027257723,.0042586112,.0014568933,.20945762,-.0077264407,.28813949
2590,2018q2,3,2018,6,2018q2,Акционерный коммерческий банк «АК БАРС» (публичное акционерное общество),408169047.3449228,68098668.48472592,753438.7229755082,252395872.3359937,3123543.560165124,.0076525733160888,99110836.43213454,25757386.96085125,340070378.8601969,3557741.85114496,2567606.953998223,5570311.487136256,5394109.848882323,.1668393743418256,328942733.2907454,312991745.3780805,8990174.909095403,4160750.357410654,914905.5688590927,.2198895608407669,.0220697408225479,.0163983250060569,6.984828947426447,7.250000000000001,.0087163440596183,.0062905479254248,.6183611275225063,.8058982802112692,.2428181094985898,.0136470698191602,.0132153819207267,.022025616512509,2.862989207274794,2.87829723647867,2.370000000000005,.017022472,2.806340848208899,.0036959315,.0039651138,-.00086966209,.0039885747,.0045655938,-.000023460947,.022312103,.039548896,.052748822
2590,2018q3,4,2018,9,2018q3,Акционерный коммерческий банк «АК БАРС» (публичное акционерное общество),436798455.8217916,68331469.81440204,1499761.138163315,292391030.3699623,4864887.536809389,.0111376024158707,53223112.73590056,27205977.10193023,368466986.0073896,5335162.927425936,2939799.638860317,6925121.010736324,5727086.654559061,.1564370681802054,358538275.5873092,326281631.5125216,10150751.55787322,6410881.663598469,1410652.978146983,.2200404019554425,.0236844509285185,.0159734316933882,7.079323134017357,7.288423662270072,.0122142440210517,.0067303343216481,.6693957509988411,.8208322873137363,.1218482163261468,.0158542708162908,.0131115084731335,.0232389822413076,2.862989207274794,2.87829723647867,2.980000000000004,.017246969,2.806340848208899,.003239641,.006531442,-.00025083491,.0036043006,.0034904759,.0029271415,.14211036,-.087489627,.21683946
2590,2018q4,5,2018,12,2018q4,Акционерный коммерческий банк «АК БАРС» (публичное акционерное общество),448470324.5737821,63378982.66123337,2046101.792422642,305594989.9378493,6362423.272895057,.0141869437603074,52185777.19518448,26590771.65989824,385091341.9125488,6819583.269665009,3727514.530535311,7271433.027209014,4856285.974439885,.1413225785261658,366165430.7789435,341622502.431185,10042583.67774415,5344028.94432984,1897325.563231687,.3550365432142356,.0237943463297217,.0132625462870952,7.321223748417882,7.53902423028483,.0152063200082329,.008311619133502,.6814163015764334,.8164763881020229,.1163639472573372,.0162138554744278,.0108285558895234,.0223929725724627,2.862989207274794,2.87829723647867,3.870000000000005,.017820993,2.806340848208899,.0041292235,.0079946509,-.00024459715,.0044359346,.0043738205,.0035587163,.072067842,.05943257,.34916374
2590,2019q1,6,2019,3,2019q1,Акционерный коммерческий банк «АК БАРС» (публичное акционерное общество),481474504.1702563,63707788.57674153,1724631.88854319,348831046.2103601,3348877.070824225,.0069554608641126,85070726.80862747,24552509.32482655,417766715.5935148,3733912.701217976,3275314.693816408,6490511.221183111,5425154.614772967,.1323180937410832,407333110.9143537,356147277.3939412,9270241.248125054,6398761.835837567,0,0,.0186064608976033,.0133187174560766,7.573094411210013,7.74999999999999,.0077551618390527,.0068026752516437,.7245057488797131,.8460117978963947,.1766879161238935,.0134804878866192,.0112677921006894,.019253856991038,4.467793788947205,4.47036660760193,5.159999999999997,.018417645,2.198075696208202,.0028711057,.0033030584,-.00048381856,.0038802607,.0033549243,-.0005772023,-.14541732,.44548312,.11592064
2590,2019q2,7,2019,6,2019q2,Акционерный коммерческий банк «АК БАРС» (публичное акционерное общество),434436050.5325209,64803713.4215547,2004107.11471336,309868562.0774543,4097411.007356329,.0094315630628117,68383617.20071074,31545130.24417988,369632336.1767533,4641294.802179968,3972578.67889021,7315822.044487151,5541327.641320903,.1491674398156412,359925052.4602044,348613603.7707165,10041794.52200064,12707332.76791872,0,0,.0236094361926864,.0153957819925124,7.618170305415228,7.708292995124966,.0106834936844923,.0091442196705838,.7132662257140612,.828487994997232,.1574077867545472,.0168398134443944,.0127552205543911,.0231145516346805,4.467793788947205,4.47036660760193,4.989999999999995,.018524315,2.198075696208202,.0038114274,.0046091545,-.00051046378,.0051166839,.0043218913,-.00050752936,.033407282,.24422359,.19737434
2590,2019q3,8,2019,9,2019q3,Акционерный коммерческий банк «АК БАРС» (публичное акционерное общество),476961058.3569725,65072715.21105029,1697839.544082673,302419527.7850546,4772078.297763783,.0100051738274033,121092220.8001741,23757674.72601751,411888343.1459222,5387264.761322237,3950876.058461821,6734892.042894463,6032948.442185983,.1364319247261227,399621929.2038822,383670173.2603329,10389051.00361544,5505641.626866108,0,0,.0222700302861438,.0150966401023204,7.056934150568295,7.264993658151586,.011294978210339,.0082834352810096,.6340549663044283,.8378502232037416,.2538828247683586,.0141204233026795,.0126487232793557,.0217817593734035,4.467793788947205,4.47036660760193,4.290000000000006,.017193791,2.198075696208202,.0045512705,.0053660446,-.0012132495,.0051998403,.0057645198,.00016620429,-.029979561,.12651286,.067535572
2590,2019q4,9,2019,12,2019q4,Акционерный коммерческий банк «АК БАРС» (публичное акционерное общество),504816216.4431357,68846763.17414027,1825480.216832814,299785226.770286,2791191.163789314,.0055291234173412,143747129.5711056,32395634.22767712,435969453.2689954,3412397.595470307,1792017.308305581,5530291.063152861,5584730.650848938,.1363798565331853,424150377.6186395,408361279.5150198,10214628.220005,6877204.777426803,0,0,.018447510315078,.0131668647384071,6.466480056414547,6.599650321330652,.0067596829981287,.0035498410113128,.5938502310455293,.8402075127600767,.28475141029329,.0109550582628239,.0110628986727054,.020234350417615,4.467793788947205,4.47036660760193,3.439999999999998,.015788341,2.198075696208202,.0026463834,.003550454,-.00065847579,.0023024941,.0033048592,.0012479599,-.033817787,.095284984,.11995019
2609,2017q4,1,2017,12,2017q4,Акционерное общество «ИТ Банк»,3474877,570565,-7606,1193036,82999,.0238854497583656,1308167,317158,2904312,85442,43285,47349,44494,.1641971787778388,2806862,2792821,80075,15719,5365,.3413066988994211,.0396878216583573,.0158518658915187,7.938469967958506,8.2497289405987,.0245884962259096,.0124565560162273,.343331864696218,.8077586631123922,.3764642604615933,.0136260938156948,.0128044820003701,.0230439811250873,3.686993952164698,3.68332944412253,2.569999999999993,.019281318,1.826705251293492,-.0039476519,.0074711521,-.0014552904,.0037933527,-.0024923617,.0036777994,1.3639243,-.01271639,1.9707556
2609,2018q1,2,2018,3,2018q1,Акционерное общество «ИТ Банк»,3378047.57185332,566753.2210109018,28731.41724479683,1214556.987115956,72778.98909811694,.0215446904017955,1281116.947472745,236227.9484638255,2811294.350842418,74271.55599603568,39389.49454905847,43617.44301288404,42121.9028741328,.1677753817717731,2713966.303270564,2698109.018830525,75177.40336967293,19423.19127849356,6167.492566897918,.3175324012654352,.0359122243547061,.0155204222039796,7.134349393911887,7.58470439501564,.021986533468292,.0116604321612463,.3595440742859656,.803412694919978,.3792477519106925,.0129120274611627,.0124693042291951,.0222546905484898,2.862989207274794,2.87829723647867,2.239999999999995,.01737763,2.806340848208899,-.0012716636,.0054390635,-.0011431319,.0035225765,-.00012853171,.001916487,1.0819769,-.0033996466,1.3331913
2609,2018q2,3,2018,6,2018q2,Акционерное общество «ИТ Банк»,3291029.850678938,525811.9238352943,-21123.95525173498,959657.1682092515,67406.40391238403,.020481857342764,1389499.256346552,303219.9615689156,2765217.926843644,68994.1329538213,35427.24621489907,35722.43240481422,40249.27444019067,.1597712411289188,2664753.611715812,2649062.651454542,67780.04490360552,20203.09202140168,8406.431959975498,.4160963060045629,.0372241604483332,.0151043136833482,6.984828947426447,7.250000000000001,.0209642987405866,.010764790300395,.2915978316061991,.8097020484837214,.422208038027944,.0108544844700952,.0122299937303477,.0205953904944443,2.862989207274794,2.87829723647867,2.370000000000005,.017022472,2.806340848208899,-.010036909,.0091627073,-.0023452288,.0034752497,-.0076916805,.0056874575,2.9893894,-.18128803,4.021719
2609,2018q3,4,2018,9,2018q3,Акционерное общество «ИТ Банк»,3170640.573545403,501891.0253378387,4545.848195546078,940327.9646156309,65817.49900246553,.0207584232510052,1391536.479966783,239281.6951937249,2668749.548207564,68489.35241534427,46540.45609789384,31495.95592676082,37569.41149966292,.1582932576859777,2569889.025934391,2553862.770448766,65103.31822859334,17183.15049943145,6345.895105169418,.3693091732729332,.0334946498582919,.0146190793145253,7.079323134017357,7.288423662270072,.0216011089326217,.0146785657403773,.2965734976273764,.8105267583391665,.4388818119522044,.0099336254602779,.0118491549667053,.0205331751481988,2.862989207274794,2.87829723647867,2.980000000000004,.017246969,2.806340848208899,-.0089777987,.0088303378,-.0031681913,.0047471751,-.0058096074,.0040831626,1.9285294,-.077812754,2.8021178
2609,2018q4,5,2018,12,2018q4,Акционерное общество «ИТ Банк»,3064680.958901451,496077.0418585982,-8804.831029826835,843217.0840493141,65786.89407984329,.0214661476878249,1333582.441838378,281261.6918515426,2568603.917042853,69540.45150224595,36003.92255461337,32492.00219633562,34807.28960358835,.1618690651689954,2470942.109842786,2455085.519869871,65741.64729891153,100317.8895105079,7212.529420015598,.0718967419989444,.0385333774789072,.014086647139541,7.321223748417882,7.53902423028483,.0226909268647569,.0117480165268228,.2751402496237551,.8062640591236312,.4351456023391116,.0106020830983929,.0113575573021686,.0214513837428862,2.862989207274794,2.87829723647867,3.870000000000005,.017820993,2.806340848208899,-.013829891,.010779324,-.002958287,.003818268,-.010871604,.006961056,4.544858,-.15330461,10.985338
2609,2019q1,6,2019,3,2019q1,Акционерное общество «ИТ Банк»,2764589.267098595,455873.1607440031,-14930.57623745429,710143.4848686941,73348.42329240136,.0265313998594011,1303277.850589448,182519.4847425532,2308716.106354592,74539.77790158906,33855.58351425781,29795.17555826052,31748.09229104288,.1648972475475305,2236968.094554596,2236968.094554596,128843.4929398397,23248.38037201234,9938.008701958084,.4274710127300738,.0419565569397143,.0141924654036535,7.573094411210013,7.74999999999999,.0269623335331175,.0122461531328264,.2568712442459786,.8091502492528551,.4714182559050528,.0107774329853817,.0114838369188788,.0466049313267643,4.467793788947205,4.47036660760193,5.159999999999997,.018417645,2.198075696208202,-.021006251,.013913988,-.0037905739,.0040295646,-.017215677,.0098844236,33.906532,-.2350488,-14.878143
2609,2019q2,7,2019,6,2019q2,Акционерное общество «ИТ Банк»,2683474.199116416,283752.2167166446,-133043.1255211823,1051604.208830176,193554.8967861287,.0721284731747599,905256.9575994528,223341.3404433863,2399721.982399771,195863.3368274373,31819.29089719595,16647.67362853881,31440.00046547952,.1057406167013178,2352177.08599252,2336060.045283229,150999.6314030086,79847.17536651022,8410.718612667502,.1053352053352053,.0158307407756175,.0133663407626527,7.618170305415228,7.708292995124966,.0729887162291066,.0118574983533186,.391881617187315,.8765417184808479,.337345131880726,.0062037762964221,.0117161553018962,.0562702005678788,4.467793788947205,4.47036660760193,4.989999999999995,.018524315,2.198075696208202,-.010740633,.017983563,-.00044563328,.0028549419,-.010295,.015128622,.92370087,-.34990913,4.1543417
2618,2017q4,1,2017,12,2017q4,АКЦИОНЕРНОЕ ОБЩЕСТВО АКЦИОНЕРНЫЙ КОММЕРЧЕСКИЙ БАНК «МЕЖДУНАРОДНЫЙ ФИНАНСОВЫЙ КЛУБ»,150313473,10050105,-34188,79311908,975509,.0064898307552245,18386312,8062113,140263368,1038256,126038,1137776,1199962,.0668609726022364,138662538,107123640,1971037,3087342,3827,.0012395776042952,.0143455885590345,.0086538297748452,7.938469967958506,8.2497289405987,.0069072717120973,.0008385010171377,.5276433736581949,.922489083862762,.1223197869960732,.0075693547444014,.0079830635009012,.0131128431847224,3.686993952164698,3.68332944412253,2.569999999999993,.019281318,1.826705251293492,-.00090175588,.0047519961,-.000035589968,.00034169768,-.00086616591,.0044102985,-.22098997,.47589782,.84209138
2618,2018q1,2,2018,3,2018q1,АКЦИОНЕРНОЕ ОБЩЕСТВО АКЦИОНЕРНЫЙ КОММЕРЧЕСКИЙ БАНК «МЕЖДУНАРОДНЫЙ ФИНАНСОВЫЙ КЛУБ»,145171082.259663,8090253.716551039,-1366035.67888999,75627089.19722496,473423.1912784935,.0032611397801092,17922504.45986125,6883750.247770068,137080828.543112,502552.0317145688,89166.5014866204,1258615.460852329,1173393.458870168,.0557290996982461,135113584.7373637,108524298.3151635,2053189.296333003,1221065.411298315,1200.1982160555,.0009829106655141,.0166423893106614,.008684496537865,7.134349393911887,7.58470439501564,.003461791590254,.0006142166890175,.5209514733929802,.9307196904111401,.1234578139178147,.0086698772321686,.0080828319290984,.0141432388901016,2.862989207274794,2.87829723647867,2.239999999999995,.01737763,2.806340848208899,-.00054823002,.0024137904,-.000028001028,.00024752493,-.00052022899,.0021662656,-.012754729,.60151237,1.0384424
2618,2018q2,3,2018,6,2018q2,АКЦИОНЕРНОЕ ОБЩЕСТВО АКЦИОНЕРНЫЙ КОММЕРЧЕСКИЙ БАНК «МЕЖДУНАРОДНЫЙ ФИНАНСОВЫЙ КЛУБ»,157321455.9955845,8945869.521427672,-1387458.450827571,77294235.12158631,700665.1201917749,.0044537162191751,19436627.84003929,8244427.698702965,148375586.4741569,750169.119131066,111345.0153840058,1202023.663144896,1191535.236895253,.0568636329025505,146352005.7068022,111304171.8144458,2104408.826400511,1771804.599687318,3971.774316134014,.0022416548172609,.0155512718542861,.0081415709415172,6.984828947426447,7.250000000000001,.0047683840349922,.0007077547984754,.4913140082034056,.930273653905859,.1235472155850427,.0076405577073901,.0075738889482989,.0133764896408,2.862989207274794,2.87829723647867,2.370000000000005,.017022472,2.806340848208899,-.0011479254,.0036072086,-.000045662513,.00029167737,-.0011022629,.0033155312,-.023174139,.4857572,1.2092046
2618,2018q3,4,2018,9,2018q3,АКЦИОНЕРНОЕ ОБЩЕСТВО АКЦИОНЕРНЫЙ КОММЕРЧЕСКИЙ БАНК «МЕЖДУНАРОДНЫЙ ФИНАНСОВЫЙ КЛУБ»,163011656.5525053,10120266.54721084,1061982.918754613,76889221.69618678,2831550.655705546,.0173702342248974,20398072.22695359,12033076.17923962,152891390.0052945,2946129.965992214,688044.0927444483,1222316.502488917,1301977.82172388,.0620830851071755,150972724.8693186,108244174.597026,2646427.993529905,2618327.80177319,74.920871373512,.0000286140151446,.0158971111363134,.0086239274203394,7.079323134017357,7.288423662270072,.0180731245132969,.0042208275610207,.4716792855326951,.9261468048494493,.1251325988481288,.0074983380228101,.0079870228256009,.016234593583665,2.862989207274794,2.87829723647867,2.980000000000004,.017246969,2.806340848208899,-.0052832551,.014310669,-.00033517138,.0017727418,-.0049480838,.012537927,.2925652,-.18499729,3.3247516
2618,2018q4,5,2018,12,2018q4,АКЦИОНЕРНОЕ ОБЩЕСТВО АКЦИОНЕРНЫЙ КОММЕРЧЕСКИЙ БАНК «МЕЖДУНАРОДНЫЙ ФИНАНСОВЫЙ КЛУБ»,157540758.8167356,9606316.14139507,-483099.8800083832,74103670.22580098,3395926.865918054,.0215558620602334,18770255.46831781,7876770.455345675,147934442.6753405,3474863.244694639,358820.4505533761,1725323.294960741,1218850.083159972,.060976703511819,146110976.2244464,108445846.02615,2823922.837563565,3156752.38191278,1982.194083797666,.0006279219412821,.0232825619797713,.0083419474337619,7.321223748417882,7.53902423028483,.0220569157517953,.0022776356623417,.470377766251618,.9274487270587208,.1191453920198069,.0109515994966597,.0077367285286333,.0179250300606244,2.862989207274794,2.87829723647867,3.870000000000005,.017820993,2.806340848208899,-.0070073511,.017622782,-.0001590028,.00093692786,-.0068483483,.016685855,1.1218733,-.28795213,14.588227
2618,2019q1,6,2019,3,2019q1,АКЦИОНЕРНОЕ ОБЩЕСТВО АКЦИОНЕРНЫЙ КОММЕРЧЕСКИЙ БАНК «МЕЖДУНАРОДНЫЙ ФИНАНСОВЫЙ КЛУБ»,133170996.1900307,9688920.393372407,970530.8116940402,71929031.72367564,1514812.098219053,.0113749400511915,40357652.0061829,13626686.68659477,123482075.7966583,1549368.922104541,1044651.164911224,1120981.744836117,1703713.435856234,.0727554848320473,122504777.6383709,107377643.9133661,2816414.13512564,8237455.560409292,5264.957948514591,.0006391485708061,.0155845521338659,.0139073223812179,7.573094411210013,7.74999999999999,.0116344321694015,.007844434560064,.5401253559824336,.9199058439388751,.3030513637413498,.0084176117691311,.0127934271320242,.0211488553491536,4.467793788947205,4.47036660760193,5.159999999999997,.018417645,2.198075696208202,.0022689358,.0057809497,-.001305008,.0039417152,.0035739439,.0018392345,-.29134035,.16962999,-.10849981
2618,2019q2,7,2019,6,2019q2,АКЦИОНЕРНОЕ ОБЩЕСТВО АКЦИОНЕРНЫЙ КОММЕРЧЕСКИЙ БАНК «МЕЖДУНАРОДНЫЙ ФИНАНСОВЫЙ КЛУБ»,125613489.2550065,9374235.88847664,-412084.1066537236,70217752.68873218,1256689.16105533,.0100044124919111,36377422.0682641,12219216.81132492,116239253.3665299,1296138.168592496,934052.2013846633,1217958.563227498,1576323.560510389,.0746276211581553,115910274.9697891,107297843.9134149,3224574.039539771,7285344.283294253,1127.594953403274,.0001547757950148,.0173454506387662,.0135995153227032,7.618170305415228,7.708292995124966,.0103184632182394,.0074359227414538,.558998504899294,.9227534053646179,.289598054189982,.0096960809738748,.0125489990753327,.0256706032024443,4.467793788947205,4.47036660760193,4.989999999999995,.018524315,2.198075696208202,.0021447653,.0048507159,-.0010822352,.0036410892,.0032270006,.0012096267,-.20255625,.25087026,.030840296
2618,2019q3,8,2019,9,2019q3,АКЦИОНЕРНОЕ ОБЩЕСТВО АКЦИОНЕРНЫЙ КОММЕРЧЕСКИЙ БАНК «МЕЖДУНАРОДНЫЙ ФИНАНСОВЫЙ КЛУБ»,127206240.1097066,9549433.237427622,329547.0479816168,66473764.87612453,1493971.748826155,.0117444847637797,42831617.34909691,10838543.44676674,117656806.872279,1530031.134542805,913014.875269761,1022327.673719531,1673939.295518919,.0750704779041649,117326546.0080191,104191131.1957361,3163602.953159829,5692175.350225662,12953.19944413369,.0022756149709303,.0153794158586423,.0142673534035896,7.056934150568295,7.264993658151586,.0120279565941361,.0071774377930072,.5225668553586326,.9223332590196288,.3367100333455151,.0080367729825034,.0131592545623176,.0248698723461321,4.467793788947205,4.47036660760193,4.290000000000006,.017193791,2.198075696208202,.0023167769,.0060584745,-.0013778912,.0036698801,.0036946679,.0023885944,-.26373619,.032291327,-.14378145
2618,2019q4,9,2019,12,2019q4,АКЦИОНЕРНОЕ ОБЩЕСТВО АКЦИОНЕРНЫЙ КОММЕРЧЕСКИЙ БАНК «МЕЖДУНАРОДНЫЙ ФИНАНСОВЫЙ КЛУБ»,145786256.9441587,9072528.690157771,-3285878.537946196,57173171.87459257,988691.5658799916,.0067817885348322,67177856.45732,15370112.74156914,136713728.254001,1045091.347316566,953925.5845907941,653628.7435311733,1622988.294221172,.0622317142941181,136406688.0113982,113096083.5954974,4455422.641692902,10643125.08245167,8721.279842572843,.0008194284831767,.0114324380141946,.011898157765443,6.466480056414547,6.599650321330652,.0071686547773627,.0065433162534393,.392171203740363,.9356621870307487,.4607969081958905,.0044834729777138,.0111326563164512,.0305613350331059,4.467793788947205,4.47036660760193,3.439999999999998,.015788341,2.198075696208202,-.00064381317,.0051618791,-.0026304319,.0036856825,.0019866186,.0014761966,-.35682341,.1804937,-.17662066
2673,2018q1,2,2018,3,2018q1,Акционерное общество «Тинькофф Банк»,276981509.4152626,50366830.52527254,5794928.642220019,156537428.1466798,5786415.262636273,.0208909803215818,88850333.99405351,11546729.43508424,226614678.8899901,9758622.398414271,9810615.460852329,14422319.82935017,3013118.9296333,.1818418515791985,219971407.333994,210332041.6253716,24687117.93855302,1273510.406342914,58177.40336967294,.0456827074831203,.0921333638868531,.0136977753888637,7.134349393911887,7.58470439501564,.0352320355933353,.0354197487101705,.5651547949072375,.7941736175760505,.3207807415795589,.0520696123715883,.0108784118333181,.0891291190905492,2.862989207274794,2.87829723647867,2.239999999999995,.01737763,2.806340848208899,.016463326,.01491871,-.0065674135,.023049153,.023030739,-.0081304433,1.2800565,2.1213567,1.5084969
2673,2018q2,3,2018,6,2018q2,Акционерное общество «Тинькофф Банк»,289127492.3864518,51997778.94457502,3669290.849012362,168493520.7121656,4532094.584323906,.0156750731205673,86237735.30801453,13972944.27335849,237129713.4418769,9956136.901274635,11726551.87029381,15054756.4545319,3087361.186487651,.1798437724319694,230922467.63102,223498203.4831186,26758345.67852321,2385180.907945647,50408.19052434678,.0211339065965287,.0893491713562664,.0133696873160943,6.984828947426447,7.250000000000001,.0344351096434895,.040558411701022,.582765475954652,.798687339363653,.298268886836773,.0520696123715883,.0106781999906154,.0925486035854302,2.862989207274794,2.87829723647867,2.370000000000005,.017022472,2.806340848208899,.015737627,.014402566,-.0067828223,.025941979,.022520449,-.011539413,1.2595491,8.3005009,1.4895189
2673,2018q3,4,2018,9,2018q3,Акционерное общество «Тинькофф Банк»,318398568.3484102,54901558.20629304,4894886.04830701,182734177.9852656,7418635.493455272,.0232998393552366,96035525.73421504,17732182.3208365,263497010.1421171,13026712.77633333,13204662.49482371,16018575.60980993,3027279.972671352,.1724302922939546,256646462.6423507,248848685.7008173,27952683.26396181,2367603.646224238,96037.85411921759,.0405633156851971,.0876605339319804,.0117955258042657,7.079323134017357,7.288423662270072,.0409132266011911,.041472116420996,.5739164561359059,.8060540723333695,.3016204696910804,.0503098229772235,.0095078316098417,.087791485398183,2.862989207274794,2.87829723647867,2.980000000000004,.017246969,2.806340848208899,.017955348,.018515987,-.0074429088,.026733931,.025398256,-.0082179438,1.0555768,3.8208454,1.3568599
2673,2018q4,5,2018,12,2018q4,Акционерное общество «Тинькофф Банк»,367349618.9398173,57264066.0189173,2814110.062286174,214971772.942224,12807408.44322604,.0348643575027752,101098884.5691963,19848253.28513468,310085552.9209,20107528.89224325,15636921.66497834,16936484.30374084,3323171.004877253,.1558843757186497,300495647.8832186,292784127.336113,30809041.4406966,3894047.714498315,56372.67555363766,.0144766268126995,.0787846891335483,.0110589655067774,7.321223748417882,7.53902423028483,.0547367626248646,.0425668650755838,.5851966678572836,.8180099621457581,.2752116222713689,.0461045375591244,.0090463439555703,.0838684453508145,2.862989207274794,2.87829723647867,3.870000000000005,.017820993,2.806340848208899,.022177326,.026434382,-.0071642878,.027023118,.029341614,-.00058873557,.67049056,.70206326,.95008808
2673,2019q1,6,2019,3,2019q1,Акционерное общество «Тинькофф Банк»,383302178.3339788,62627272.35994042,9109257.571503805,256214275.5370283,7660352.642906634,.0199851529052152,88319107.84001338,15664060.4703783,320674905.9740384,14264527.01103625,15191799.5860663,12153246.82775095,3438112.735645478,.1633887723574898,314850001.9339318,286391667.6262869,25523221.10177768,2878467.310287895,54902.21992498657,.0190734213755915,.0474339175765191,.0109198434636406,7.573094411210013,7.74999999999999,.0372148341891428,.0396340027392941,.6684393933023354,.8214145907086309,.2304163994681481,.0317066990868014,.0089697187492887,.0665877277627647,4.467793788947205,4.47036660760193,5.159999999999997,.018417645,2.198075696208202,.01594289,.014782425,-.0043183849,.024017844,.020261275,-.0092354193,.22635062,9.9340897,.52123851
2673,2019q2,7,2019,6,2019q2,Акционерное общество «Тинькофф Банк»,416320045.5504548,63179394.674026,3310135.79512995,285244812.38146,11115631.12909187,.0266997259629785,86936976.74799693,19878723.63180434,353140650.8764288,19595403.95565391,16947397.14875453,20468557.62163883,3883072.676495335,.15175679227862,346297448.9993954,314461577.6918986,34972818.04675534,4302618.34146955,15122.10398569908,.0035146282532078,.0717578610834334,.0112131137197667,7.618170305415228,7.708292995124966,.0470681250280539,.0407076174445235,.6851575258748633,.8318058491311027,.2088224616545898,.0491654385619974,.0093271335790742,.0840046459942004,4.467793788947205,4.47036660760193,4.989999999999995,.018524315,2.198075696208202,.018898791,.019495275,-.0038883002,.024089674,.02278709,-.0045943987,.7369988,1.7987782,1.1105126
2673,2019q3,8,2019,9,2019q3,Акционерное общество «Тинькофф Банк»,459390993.1998565,74799255.13149861,10879246.83721135,323262891.2619817,11478223.60614774,.0249857393289254,88602936.34564723,23524951.95744228,384591738.0683578,20674336.44770168,20912175.36615101,23196325.87242359,4195237.298198751,.1628226417990686,377461815.4316101,354593040.7208685,38227385.71769314,3621881.401639326,50418.75657429188,.013920598435794,.0717568471341321,.0111143356140586,7.056934150568295,7.264993658151586,.0450037914406985,.045521518000361,.7036770333922225,.8216569785193777,.1928704255355325,.0504936453169253,.0091321714188977,.0832131806751867,4.467793788947205,4.47036660760193,4.290000000000006,.017193791,2.198075696208202,.018433107,.018270152,-.0038020713,.027121155,.022235177,-.0088510029,.8199017,6.5966697,1.151661
2673,2019q4,9,2019,12,2019q4,Акционерное общество «Тинькофф Банк»,521447631.949284,81706922.29230349,4790067.549991633,330179645.5961531,4030588.344473613,.007729612903613,123522605.4080916,32473734.82443168,439740709.6569805,14491826.80774532,13093230.43543311,23818150.32591951,4175617.550581422,.1566924793327095,431859439.8473814,409096398.7060191,40648139.22873099,5802372.655850928,87380.33635226665,.0150594147489226,.0721369431568528,.0096689273529764,6.466480056414547,6.599650321330652,.0277915286594969,.0251093870855023,.633198091938533,.828193309140167,.236884008747604,.0456769747651976,.0080077409402974,.077952485998986,4.467793788947205,4.47036660760193,3.439999999999998,.015788341,2.198075696208202,.011070884,.013673954,-.003547495,.015913764,.014618379,-.0022398103,1.3724014,1.1251975,1.97015
2738,2018q1,2,2018,3,2018q1,«Акционерный коммерческий банк „Держава“ публичное акционерное общество»,18959809.71258672,4692932.606541129,374405.3518334985,4386135.777998017,533344.8959365708,.0281302873827105,10828164.51932606,458357.7799801783,14266877.10604559,543005.9464816649,338184.3409316154,271330.0297324083,285840.6529861661,.2475200267134361,13578360.75322101,8607155.599603567,794864.222001982,177573.8354806739,124756.1942517344,.7025595517156699,.0618608368426416,.0210511900649244,7.134349393911887,7.58470439501564,.0286398415761095,.0178369058581378,.2313385969842421,.7161654551947764,.5711114554139032,.0143107992034478,.0150761351152384,.0419236392163947,2.862989207274794,2.87829723647867,2.239999999999995,.01737763,2.806340848208899,-.015567207,.022079069,-.011958867,.010614913,-.0036083395,.011464156,3.492667,-.46555606,2.5464866
2738,2018q2,3,2018,6,2018q2,«Акционерный коммерческий банк „Держава“ публичное акционерное общество»,19266582.94231787,4646141.3869279,338756.0638206272,4324410.014990751,331637.2712870922,.0172130819606144,11455925.95592762,701253.5312015725,14620441.55538997,340052.5294122146,530585.8984947858,198245.4760509854,212415.3938519287,.2411502548655338,13759252.02761531,9719883.996730788,895072.1950888471,151141.2133466523,75178.33266679442,.4974045860963677,.0458433579063408,.0154380044369856,6.984828947426447,7.250000000000001,.0176498619620457,.0275391801485144,.2244513221642666,.7141511324976032,.5946008168768412,.0102896022945279,.0110250683521763,.046457236229621,2.862989207274794,2.87829723647867,2.370000000000005,.017022472,2.806340848208899,-.010642053,.014051994,-.019826004,.016692994,.0091839517,-.0026409999,.74931759,.33019191,.86188936
2738,2018q3,4,2018,9,2018q3,«Акционерный коммерческий банк „Держава“ публичное акционерное общество»,19260565.17786116,4553882.242752976,87481.3068093648,8141925.477688475,247131.8457163417,.0128309758012919,8450839.798334736,692311.6634177499,14706682.93510818,258015.805030421,482383.3818291693,208992.2571955765,224053.2983383114,.2364355459302609,13718415.3427968,8277794.964423504,873115.186008625,148839.5544676121,82359.44360273925,.5533437929005688,.0256686526753755,.0163323017082987,7.079323134017357,7.288423662270072,.0133960661407275,.0250451311981042,.4227251590232211,.7122540390748906,.4387638535160151,.01085078528411,.0116327478591255,.0453317531415027,2.862989207274794,2.87829723647867,2.980000000000004,.017246969,2.806340848208899,.0066639134,.0020689352,-.0045261905,.013120385,.011190103,-.01105145,-.09735249,2.2659445,-.067354299
2738,2018q4,5,2018,12,2018q4,«Акционерный коммерческий банк „Держава“ публичное акционерное общество»,20329886.97690138,5500564.515101858,820539.7825253035,6534429.391955869,380872.9614215418,.0187346325070221,9537421.659892935,467508.0318387927,14829322.46179952,389955.049321759,832818.0260147428,272484.7790482481,207879.1147599637,.2705654252456763,13743244.7251452,8843763.478074947,1312472.411790046,205705.343880306,81887.04651181617,.3980793350680469,.0416998581978232,.0151259123240103,7.321223748417882,7.53902423028483,.0191813682862488,.040965206887819,.3214198583287858,.6760118608017911,.4691330389947205,.0134031625142748,.010225296136479,.0645587657856271,2.862989207274794,2.87829723647867,3.870000000000005,.017820993,2.806340848208899,.0055010305,.0075995601,-.013671636,.023967493,.019172667,-.016367933,.12721634,-15.34839,.21578968
2766,2019q1,6,2019,3,2019q1,Акционерное общество «ОТП Банк»,132163588.9945673,23854680.9027139,-398797.4726791535,115061285.4653222,4285355.310781444,.032424628775461,6183720.443824428,5551283.62885643,108308908.0918534,4433048.408807633,2339523.556319709,5734449.687382134,1242603.592985137,.1804935919506126,102054309.5890014,99020135.81289668,7567867.143676775,370084.3185539211,549530.2215080557,1.48487842893562,.0498382202509845,.012175905142952,7.573094411210013,7.74999999999999,.0335421309494694,.017701725370184,.8705974644049042,.7721817360241059,.0467883816629603,.0433890281809603,.0094020115709495,.0572613622348577,4.467793788947205,4.47036660760193,5.159999999999997,.018417645,2.198075696208202,.0084072892,.0080129961,.0023294105,.0055450471,.0060778786,.0024679489,1.0345848,.25770476,1.7302953
2766,2019q2,7,2019,6,2019q2,Акционерное общество «ОТП Банк»,146198651.5922245,27974560.18596787,1557211.433288579,123745756.6689658,3971750.966273213,.0271668098372834,7196317.532109897,7514670.191485362,118224091.4062566,4114269.813097104,2876578.805291492,5534690.992978751,1353604.405849079,.1913462257093463,113802906.5021473,109244481.988233,7833139.627471578,142486.149372881,616839.2817301189,4.329117492787831,.0447263093455777,.0118942867757384,7.618170305415228,7.708292995124966,.0281416399418825,.0196758230938737,.8464220108822614,.7784128325585723,.0492228721245787,.037857332695626,.0092586654603665,.0535787405845553,4.467793788947205,4.47036660760193,4.989999999999995,.018524315,2.198075696208202,.0067663318,.0078991558,.002429649,.0064627868,.0043366831,.001436369,.95644605,.38960269,1.7556154
2766,2019q3,8,2019,9,2019q3,Акционерное общество «ОТП Банк»,150137302.5221982,28081322.44066222,439369.3153044956,129064940.2515541,3863107.44831097,.0257304972409492,8270843.653627517,6991324.709025915,122055980.081536,4026574.175311323,3183006.625717152,5641852.702248312,1450698.619779825,.1870376113658384,117265611.2913717,111552042.9139413,8709546.74040564,260117.4510763366,722165.5959795694,2.776305830275246,.0437132864374481,.0123710489699768,7.056934150568295,7.264993658151586,.0268192788045861,.0212006381641667,.8596460578640774,.781055802398166,.0550885323945703,.0375779543622355,.0096624795797522,.0580105449751098,4.467793788947205,4.47036660760193,4.290000000000006,.017193791,2.198075696208202,.0071834805,.0066947718,.0023673777,.0072966344,.0048161028,-.00060186256,.98607445,.4609158,1.54337
2766,2019q4,9,2019,12,2019q4,Акционерное общество «ОТП Банк»,142239664.2618301,29146811.35601614,1279261.89953781,117603811.5778555,4392890.04137877,.0308837205443095,12730319.08662861,6082920.498436728,113092852.9058139,4557469.061981073,3018298.130874455,5060150.787532603,1412968.334110412,.204913386904258,109883474.9774239,105645709.2329931,8464282.247860767,287879.4884043631,544670.4530070426,1.892008548528418,.0430270985237813,.0128587882245325,6.466480056414547,6.599650321330652,.0320407748825379,.0212198063496443,.8268004019003748,.772523441669224,.0894990799696705,.0355748223520694,.0099337153349116,.059507186633118,4.467793788947205,4.47036660760193,3.439999999999998,.015788341,2.198075696208202,.011579832,.0054759975,.0014139911,.0087322872,.010165841,-.0032562898,.65780985,.64419091,.86874229
2816,2017q4,1,2017,12,2017q4,Акционерное общество «СЕВЕРГАЗБАНК»,52129705,3331296,-60707,34049578,-608259,-.0116681841955561,11884558,3030821,48798409,-510520,333930,872422,651351,.0639039871796704,47467939,44731798,1409284,259962,327893,1.261311268570022,.0256221090317184,.0137219144905364,7.938469967958506,8.2497289405987,-.0097932647038766,.0064057527277394,.6531703565174597,.9105737122433362,.227980534322993,.0167356020909767,.0124948146167334,.0270341832933833,3.686993952164698,3.68332944412253,2.569999999999993,.019281318,1.826705251293492,-.0026731333,-.00254931,-.00020851401,.002514675,-.0024646192,-.005063985,.52361107,1.2270126,1.2760448
2816,2018q1,2,2018,3,2018q1,Акционерное общество «СЕВЕРГАЗБАНК»,66048048.56293359,3339358.771060456,141072.3488602577,50389429.13776015,-651921.7046580772,-.0098704158388101,9741907.829534192,2963820.614469772,62708689.79187313,-596661.0505450941,258196.2338949455,1012955.401387512,755109.0188305252,.0505595372417182,61580159.56392467,61554078.29534192,1434271.555996035,90897.91873141723,462150.6442021803,5.0842819137337,.0201025377489033,.0122622127675175,7.134349393911887,7.58470439501564,-.0090337423062026,.0039092182057268,.7629207862174279,.9323539590310271,.1474972848024671,.0153366439043588,.0114327226202758,.0217155780859959,2.862989207274794,2.87829723647867,2.239999999999995,.01737763,2.806340848208899,-.0021562341,-.0022580936,.00010722988,.0013483806,-.002263464,-.003606474,.33004612,1.0076426,1.0105053
2816,2018q2,3,2018,6,2018q2,Акционерное общество «СЕВЕРГАЗБАНК»,52750109.49348207,3365977.722366895,186824.4183508134,37199157.70925318,-713119.8198991581,-.0135188310838914,5997520.436004712,6629558.199438773,49384131.77111518,-632241.7459174573,285645.1053912767,1058023.798087154,742214.7829636183,.0638098717649639,48313098.20560139,48283189.27397338,1470844.136396026,152685.7922473711,453913.9825481217,2.972863262959799,.0284421439419843,.0153625995957669,6.984828947426447,7.250000000000001,-.0119856006364419,.0054150618479109,.7051958387659764,.9158862165313812,.1136968338756867,.0200572815534703,.0140703932198535,.0278832432864953,2.862989207274794,2.87829723647867,2.370000000000005,.017022472,2.806340848208899,-.0017096674,-.0038341417,.00032005701,.0016640457,-.0020297244,-.0054981876,.89706016,.72564489,1.1332341
2816,2018q3,4,2018,9,2018q3,Акционерное общество «СЕВЕРГАЗБАНК»,47618370.89129611,3446489.491959379,114185.2459632094,35016394.26476251,-894984.2964630543,-.0187949373258933,5391958.785917035,4395538.440602552,44171881.39933673,-779472.8181479281,478172.2450589802,981027.5117413794,619527.4963758774,.0723773079055366,43026975.67094659,42997936.53580188,1349858.096521531,152528.1911348456,368987.2375112056,2.419141240487111,.0280162344621702,.0143985833704367,7.079323134017357,7.288423662270072,-.0163691618078938,.0100417598525275,.7353547298940242,.9035793301112542,.1132327436867984,.0206018705255768,.0130102623164103,.0283474228801948,2.862989207274794,2.87829723647867,2.980000000000004,.017246969,2.806340848208899,-.0030353956,-.0042523532,.00067661313,.0030210637,-.0037120087,-.007273417,1.0699162,1.4205707,1.621629
2816,2018q4,5,2018,12,2018q4,Акционерное общество «СЕВЕРГАЗБАНК»,51897788.1734361,3440536.341126901,14347.08034523391,38804162.07180029,-958531.8746950334,-.0184696093693191,6195664.817724861,3974550.402053112,48457251.83230919,-849523.2920827749,325377.3032600069,1080666.414194382,737385.8261473982,.0662944696145633,47216082.5710828,47161540.9461107,1428016.324432824,148560.5849584286,492795.2061948457,3.317132914714516,.027849239785021,.0156172597554505,7.321223748417882,7.53902423028483,-.0163691618078938,.0062695793927216,.7477035811646057,.9097898818595581,.1193820591548083,.020822976319972,.0142084249078813,.0275159380523225,2.862989207274794,2.87829723647867,3.870000000000005,.017820993,2.806340848208899,-.0033050915,-.0041360464,.00036972124,.0019491954,-.0036748128,-.0060852417,.96867555,.86959291,1.3319542
2816,2019q1,6,2019,3,2019q1,Акционерное общество «СЕВЕРГАЗБАНК»,61927484.42340333,3911365.158761959,218672.0074835439,51560163.92481637,440331.826763864,.007110442655046,4100943.231058473,3645720.414207143,58016119.26464137,494419.7030319374,213793.4857611108,573824.80727263,728217.3899207377,.0631604076151331,57477212.26924103,56248757.89729477,1309359.037249637,157475.5897103332,481806.8016235912,3.059564993595806,.011129227752444,.012669671356181,7.573094411210013,7.74999999999999,.0079838492978586,.0034523198827097,.832589348734001,.9281373658949971,.0662216989635811,.0092660764863197,.0117591953992811,.0211434236258886,4.467793788947205,4.47036660760193,5.159999999999997,.018417645,2.198075696208202,.00096561422,.002388194,.00039819028,.00085002591,.00056742394,.0015381681,-.41379049,.29630163,-.15923943
2816,2019q2,7,2019,6,2019q2,Акционерное общество «СЕВЕРГАЗБАНК»,57839636.54184023,3892962.254106542,-37067.69889074988,48327753.7267402,504157.3260593296,.0087164677408481,3987582.137839387,2966366.005765053,53946674.28773369,579402.5687493986,247517.8357202077,565097.9010389504,763674.1920873348,.0673061327294206,53376499.87387221,51643210.79846881,1380876.882630108,152844.7018528607,541312.8409613636,3.541587208449465,.0116930305561932,.0143073111555063,7.618170305415228,7.708292995124966,.0100173964324667,.0042793808972357,.8355473273380738,.9228360180870179,.0689420331152122,.0097700804297096,.0132033020562794,.0238742316721027,4.467793788947205,4.47036660760193,4.989999999999995,.018524315,2.198075696208202,.0013685181,.0027670125,.00048825546,.0010561182,.00088026264,.0017108943,-.39740866,.15645385,-.23009226
2816,2019q3,8,2019,9,2019q3,Акционерное общество «СЕВЕРГАЗБАНК»,54405747.07096763,3984254.667489018,127863.6238458816,45924950.92149469,482125.5107323225,.0088616651123903,3012645.273252694,2966806.137977337,50421492.40347861,571600.74829877,295140.1702764601,563532.2916215316,707293.0238761227,.073232238908362,49770003.01688504,48097758.21857046,1358141.375459021,215370.0348147839,475088.1220125663,2.205915611339049,.0122707216951597,.0142112312839556,7.056934150568295,7.264993658151586,.0105062567664619,.0054247976760888,.8441194799069579,.9147931183072322,.0553736587666549,.0103579552154013,.0130003365812351,.0249631968785842,4.467793788947205,4.47036660760193,4.290000000000006,.017193791,2.198075696208202,.0011083258,.0030463606,.00074649049,.0011844183,.00036183529,.0018619422,-.30103764,.069719709,-.1579863
2816,2019q4,9,2019,12,2019q4,Акционерное общество «СЕВЕРГАЗБАНК»,54688043.64883456,3629435.533170502,-20165.98175765029,46044302.22019613,742509.4750922156,.0135771811451156,3189768.544855029,3439985.507373601,51058608.11566406,842403.9637906286,414459.0457352803,574710.0032353452,668105.8819165925,.0663661614314822,50254155.21529938,47431433.41373557,1393546.965359598,243531.268483438,446773.3886994685,1.834562729795219,.0124816747246365,.0132945401042816,6.466480056414547,6.599650321330652,.0154038050656906,.0075786043544842,.8419445851063528,.9189239889068574,.0583266164234603,.0105088784474665,.0122166718233087,.0254817483380445,4.467793788947205,4.47036660760193,3.439999999999998,.015788341,2.198075696208202,.0017000183,.0044334875,.0010024533,.0016967935,.00069756503,.0027366942,-.24288815,-.015151257,-.10794876
2998,2019q3,8,2019,9,2019q3,Акционерное общество «Экспобанк»,93850181.14525022,17875848.18813732,1128423.166904687,68596755.26172337,732926.959557526,.0078095423004372,13575573.52441295,8542397.09464675,75974332.95711289,779060.9522759281,417802.7327693953,2087432.070916721,931782.1782822852,.1904721756527161,74458525.89491747,71822101.92331265,4250212.348742622,4882208.485834145,45815.80794600262,.009384238317339,.0304304782777604,.0125141099301012,7.056934150568295,7.264993658151586,.0083011129309403,.0044518052887162,.7309176649915829,.7933764749977347,.1446515431163876,.0222421741273577,.0099284004240778,.0452872045304275,4.467793788947205,4.47036660760193,4.290000000000006,.017193791,2.198075696208202,.0032024882,.0014360744,.00009335715,.00193508,.003109131,-.00049900566,.49882263,.43101469,.94776988
2998,2019q4,9,2019,12,2019q4,Акционерное общество «Экспобанк»,91265580.89163707,18657580.09751868,1000675.181458767,68796387.311929,878228.2263157925,.009622775834392,12991956.55113953,6677769.491208225,72608000.79411839,928819.0955327834,642660.5939404713,2015768.863028665,899551.1505328151,.204431724591459,71241036.51310286,69205306.43689342,4788489.901183398,2498434.460190171,113327.307341744,.0453593276699834,.0293005046019203,.0126268678076766,6.466480056414547,6.599650321330652,.0101771016681043,.0070416534652152,.7538042999322323,.7805904023959472,.1423532992855801,.0220868463591117,.0098564118229947,.0524676428331612,4.467793788947205,4.47036660760193,3.439999999999998,.015788341,2.198075696208202,.0042026527,.0012376275,.00019691998,.0030644955,.0040057329,-.001826868,.48026651,.46188346,.76163095
3138,2017q4,1,2017,12,2017q4,Акционерное Общество «Банк Жилищного Финансирования»,16030037,2322935,125930,11879782,243679,.0152013997222839,498223,1255429,13707102,245138,396015,468113,236089,.1449113935295346,13284320,9644158,603069,774935,11672,.0150619084181254,.0394041742516824,.0177720048899755,7.938469967958506,8.2497289405987,.0152924163556204,.0247045593219779,.7410951078902688,.8287142443900785,.0310805895207853,.0292022407683775,.0147279136036929,.0376211857776748,3.686993952164698,3.68332944412253,2.569999999999993,.019281318,1.826705251293492,-.00042090312,.0040715807,.0063284826,.0017018514,-.006749386,.0023697293,2.1443014,-.04271806,2.5748467
3138,2018q1,2,2018,3,2018q1,Акционерное Общество «Банк Жилищного Финансирования»,13496934.58870168,2040874.132804757,7222.993062438057,9431192.269573834,132821.6055500495,.0098408719903877,563680.8721506441,886999.0089197224,11456060.45589693,134001.982160555,-7165.396605135457,341737.3637264618,169253.7165510406,.1512101966111014,11280103.07234886,8072223.984142714,440496.5312190287,366690.7829534192,9560.951437066402,.0260736071958507,.0362347997960924,.0150046249990335,7.134349393911887,7.58470439501564,.0099283271530951,-.0005308906669173,.6987655017213101,.8357529628832507,.0417636218391769,.0253196280592877,.0125401597998944,.0326367834358306,2.862989207274794,2.87829723647867,2.239999999999995,.01737763,2.806340848208899,-.0001898714,.0025074498,-.00012530875,-.000050053448,-.000064562642,.0025575033,1.0929163,-.01050547,1.4253446
3138,2018q2,3,2018,6,2018q2,Акционерное Общество «Банк Жилищного Финансирования»,13198311.96649509,1802143.071352484,6551.956594096629,9008736.334399469,169434.9116412607,.0128376198464913,593100.6455457188,848192.5092532535,11396168.89514261,170728.4351777992,41993.91308424064,367812.7801694506,176525.2643093222,.1365434516116425,11165347.02421919,8311676.212327721,475252.7078184328,395799.5691654586,5992.966134788879,.0151414165190352,.0408284543488051,.0158101010140047,6.984828947426447,7.250000000000001,.0129356265870367,.0031817639400285,.6825673129464455,.8459678065318706,.0449376137684387,.0278681683766205,.0133748364758649,.0360085978437923,2.862989207274794,2.87829723647867,2.370000000000005,.017022472,2.806340848208899,-.00047509841,.0034963789,.00073132728,.00032377118,-.0012064257,.0031726076,1.5814577,-.10326433,1.7957656
3138,2018q3,4,2018,9,2018q3,Акционерное Общество «Банк Жилищного Финансирования»,12350613.21108215,1728682.347144246,-59394.73702926354,8500762.396626065,147911.3140612441,.01197602997789,221967.1899198074,903859.014226662,10621930.8639379,150127.8042559047,86342.89876381923,343885.8266060905,158805.9763569482,.1399673293624893,10293385.32899512,7862759.607969144,402198.589492921,419136.5444133119,5148.134161522753,.0122827136648962,.0404535276438944,.015427963811829,7.079323134017357,7.288423662270072,.0121554939572713,.0069909807139247,.6882866665274862,.8334311141538229,.0179721594487825,.0278436236912936,.0128581450688175,.0325650704640341,2.862989207274794,2.87829723647867,2.980000000000004,.017246969,2.806340848208899,-.0029641304,.0050031291,.0023796987,-.00013415114,-.0053438293,.0051372801,2.3985593,-.16135354,3.0116014
3138,2018q4,5,2018,12,2018q4,Акционерное Общество «Банк Жилищного Финансирования»,11717299.89227892,1712141.078550133,129899.6572652115,7876991.875763001,175926.2231449427,.0150142289403098,797697.8597344987,753726.6529460293,10005158.81372879,177351.0153955597,117817.8040589654,327116.897582213,149770.6956739865,.1461207867247935,9787630.582260758,7715203.827613032,391268.1686662466,276521.3695258409,7072.93828735379,.0255782701332702,.0415281496720507,.0153020380586731,7.321223748417882,7.53902423028483,.0151358262591217,.010055030181194,.6722531597022212,.8353145069462877,.0680786415870553,.0279174298336228,.0127820143762538,.0333923491131324,2.862989207274794,2.87829723647867,3.870000000000005,.017820993,2.806340848208899,.0010628144,.002698363,.0018823416,.0014702519,-.00081952719,.0012281111,1.4426217,.078090295,1.867469
3138,2019q1,6,2019,3,2019q1,Акционерное Общество «Банк Жилищного Финансирования»,11505834.19523123,2247724.21702299,756614.7973734402,8725009.894000309,158502.9445552814,.0137758759483059,889841.9851608527,651738.8331970766,9258109.978208238,159257.9089872113,11128.42078376509,554880.9494482127,141895.6121075859,.1953551718965839,9116364.227954181,7354497.795236972,603502.1669083047,245984.5659210763,7690.080899020865,.0312624528706741,.0635965983064126,.0155649345023404,7.573094411210013,7.74999999999999,.0138414917410524,.0009671980835929,.7583118047726189,.7923253606185806,.0773383285437627,.048226051239135,.0123324923425715,.0524518393597602,4.467793788947205,4.47036660760193,5.159999999999997,.018417645,2.198075696208202,.0034091272,-.00043809056,.00016566354,.0001570262,.0032434636,-.00059511675,1.9359808,.23031861,2.3812873
3138,2019q2,7,2019,6,2019q2,Акционерное Общество «Банк Жилищного Финансирования»,11624156.83460614,2212298.324784467,-14730.66878646464,8776530.220864708,190286.085898011,.0163698828745593,838346.7622782852,821448.7195962981,9411858.509821674,191655.6419888885,48424.92494586471,302378.5532377336,140774.6713657271,.1903190361470571,9287774.485877242,7764869.218188393,354612.2641198246,211757.1006569733,10353.8814155497,.0488950849035378,.0344530863140971,.0151569863781453,7.618170305415228,7.708292995124966,.0164877026967077,.0041658870948557,.7550251038196768,.7990062950825575,.0721210814863107,.0260129450712095,.0121105275306187,.030506493431344,4.467793788947205,4.47036660760193,4.989999999999995,.018524315,2.198075696208202,.0036088899,-.000012257899,.00074184878,.00063731626,.0028670412,-.00064957415,.61060786,.27688625,.91150874
3138,2019q3,8,2019,9,2019q3,Акционерное Общество «Банк Жилищного Финансирования»,11731195.42969611,2147016.601741101,-80245.07988733996,9104897.385217626,187066.5195620172,.015946074778405,707954.5869366248,781171.6090359505,9584178.827955011,188022.940065564,36183.48710881834,320237.577382703,155424.3969319914,.1830177167031236,9435099.464607526,8075713.342854132,369826.8141251382,328505.7159992185,8897.97650909515,.0270862151729388,.0351720138990944,.0164730003658161,7.056934150568295,7.264993658151586,.0160276027445256,.0030843819221717,.7761269889145035,.804274340253825,.0603480345357237,.0272979492415632,.0132488115012178,.0315250748605693,4.467793788947205,4.47036660760193,4.290000000000006,.017193791,2.198075696208202,.003021539,.0002690395,.00059983088,.00039460877,.0024217081,-.00012556926,.79307264,.051773235,.86147428
3138,2019q4,9,2019,12,2019q4,Акционерное Общество «Банк Жилищного Финансирования»,12428926.73368268,2129751.429816425,-714.8284865630676,9938478.247990828,188730.5434790451,.0151847820429725,704588.1961865482,781383.8586466337,10299175.30386625,189361.6030023391,50528.50787766829,365718.5398402782,174603.3732068391,.1713544118049026,10135957.9943002,8371938.135051676,421406.2850890651,322194.048058166,11399.09436840871,.0353795932516755,.0367982432234243,.0172261342544064,6.466480056414547,6.599650321330652,.0152355554956459,.004065395907495,.7996248156373246,.8155135364046775,.0566893836679476,.0294247884533081,.0140481456643927,.0339052835468926,4.467793788947205,4.47036660760193,3.439999999999998,.015788341,2.198075696208202,.0027313568,.0003865425,.00079603854,.00049446628,.0019353182,-.00010792378,1.0762216,-.077687413,.92043078
3255,2017q4,1,2017,12,2017q4,Банк ЗЕНИТ (публичное акционерное общество),260365917,34010598,-4400386,154259092,17490495,.0671765920882801,26339452,20168222,226355319,17771368,1503002,5446176,3317861,.1306261525774128,222207081,170681277,7415168,3631177,156829,.0431895773739479,.0353053808977431,.0149313918578499,7.938469967958506,8.2497289405987,.0682553546361446,.0057726526471589,.592470373147957,.8534415086287964,.1011632102369221,.0209173921946166,.0127430695930912,.0284797952260395,3.686993952164698,3.68332944412253,2.569999999999993,.019281318,1.826705251293492,.0040544304,.043982413,-.000081793369,.002631038,.0041362238,.041351374,.50764674,-.65742058,.85158867
3255,2018q1,2,2018,3,2018q1,Банк ЗЕНИТ (публичное акционерное общество),244268237.8592666,34373043.6075322,630548.0673934588,144666144.6977205,1866690.782953419,.0076419709713913,21463090.18830525,17180636.27353815,209895194.2517344,2111147.670961347,1147660.059464816,4194238.850346878,2534201.189296333,.1407184327719922,205884927.6511397,165280338.9494549,6013715.559960356,3571666.005946481,121119.9207135778,.0339113233185647,.0289925390568106,.0123088232742826,7.134349393911887,7.58470439501564,.0086427432787134,.0046983597602486,.5922429619403439,.8428640966811199,.0878668891887248,.0171706272051766,.0103746652102857,.0246193103641461,2.862989207274794,2.87829723647867,2.239999999999995,.01737763,2.806340848208899,.00029226579,.0056619081,.000042308329,.0020595719,.00024995746,.0036023362,.64472532,.092166156,1.3085473
3255,2018q2,3,2018,6,2018q2,Банк ЗЕНИТ (публичное акционерное общество),255300823.167389,34139281.20103317,218878.1081095394,156247702.0098355,2685928.562588396,.0105206419989776,15228929.1488419,20578982.70405064,221161541.9663558,2967379.278164832,1091051.308067095,4067527.420443399,2418965.506758194,.1337217827090578,215902274.3458488,173078844.9178059,5872651.774245525,7525576.755568379,138435.4582750888,.0183953287264869,.0260325583552413,.0112039834415237,6.984828947426447,7.250000000000001,.0116230697627608,.0042735910308904,.6120140940845736,.8456779405066454,.059650920666468,.0159322926184868,.0094749616422983,.0230028705014989,2.862989207274794,2.87829723647867,2.370000000000005,.017022472,2.806340848208899,-.00055589096,.0081825899,.00026777817,.0016689046,-.00082366914,.0065136855,.60706681,-.039237499,1.5078777
3255,2018q3,4,2018,9,2018q3,Банк ЗЕНИТ (публичное акционерное общество),255892421.0459128,34106575.6357675,384464.7219389778,161374246.3136623,3873838.142273891,.0151385419171083,13506977.94079912,21468477.41924858,221785845.4101453,4183090.093340499,1550956.418269662,4003966.938864716,2395273.772719302,.1332848213962852,217358523.9791088,178587427.4335362,5903924.235958788,7786890.063224345,126430.4299402958,.0162363188530678,.0248116848278394,.0110199210450542,7.079323134017357,7.288423662270072,.016347065209055,.0060609705122583,.6306331608184212,.8494136836514976,.0527838139386538,.0156470712282108,.0093604717284282,.0230718995577422,2.862989207274794,2.87829723647867,2.980000000000004,.017246969,2.806340848208899,-.0009148122,.011464171,.00048857712,.0022563478,-.0014033893,.0092078233,.56604034,-.14736074,1.5801075
3255,2018q4,5,2018,12,2018q4,Банк ЗЕНИТ (публичное акционерное общество),258024973.5685537,33494972.18609044,-315361.3988171556,158874922.7278438,3255692.651348535,.0126177424081144,24333464.63296841,20334666.76982322,224530001.3824633,3568168.845858192,1614126.924077279,3865561.496460639,2630904.883596018,.1298129081183348,219297395.0429216,194814380.171999,5866757.302854711,6137722.945300612,69464.39840238194,.0113176171393608,.0243308473740845,.0119969728007079,7.321223748417882,7.53902423028483,.0138287732249692,.0062557003756399,.6157346730068859,.8499076349470386,.0943066258138898,.0149813463518624,.0101963187795736,.0227371685062725,2.862989207274794,2.87829723647867,3.870000000000005,.017820993,2.806340848208899,.0011307349,.0085414359,.000014199197,.002791127,.0011165357,.0057503087,.28479525,.0041534188,.8554033
3255,2019q1,6,2019,3,2019q1,Банк ЗЕНИТ (публичное акционерное общество),238468827.1392432,26378722.10182322,579665.649450744,145081604.424062,2466764.752712382,.0103441811758148,54957015.63931753,23002928.33406135,212090105.0374199,2723729.762618456,1940870.290329801,3744829.995868467,2702150.598237639,.1106170664663879,208658454.2694964,188957644.2229035,11747772.49110702,8725270.031557377,10149.13483523185,.0011631886232202,.0258118871150792,.0129501131775261,7.573094411210013,7.74999999999999,.0114217434425006,.0081388847071258,.6083881325895402,.8749925798379494,.2304578602520146,.0157036458005551,.011331252938397,.0492633466270517,4.467793788947205,4.47036660760193,5.159999999999997,.018417645,2.198075696208202,.0032827661,.0054330085,-.00094901555,.0043612863,.0042317817,.0010717222,.1396265,.31349745,.50227243
3255,2019q2,7,2019,6,2019q2,Банк ЗЕНИТ (публичное акционерное общество),208593112.1915164,26249645.39487458,1322078.457798088,142175890.7339498,3518635.295453438,.0168684155410791,37380632.18117365,14551213.96476693,182343466.7966418,3908937.29445716,2087700.483752735,3554834.176360206,2325738.86131869,.1258413814295742,179506600.4469213,165343934.0293582,11697714.88882409,4161591.432624602,11741.18755126127,.0028213215404128,.0250030730105449,.0129562860392222,7.618170305415228,7.708292995124966,.0187395319691488,.0100084823598391,.6815943692494185,.8605586184557724,.1792035786246539,.0170419537779195,.0111496436142309,.0560791042711133,4.467793788947205,4.47036660760193,4.989999999999995,.018524315,2.198075696208202,.0059053758,.0072526485,-.00051657244,.0049744747,.0064219483,.0022781738,.0022772744,.21594828,.2902658
3255,2019q3,8,2019,9,2019q3,Банк ЗЕНИТ (публичное акционерное общество),239672738.5947787,28749789.45756021,2251434.39339906,140061626.1956693,3400579.693516203,.0141884292450367,63904855.79423155,20888107.1608159,210922949.1372185,4054387.816647639,3748329.523139958,3463923.656739403,2385389.249486067,.1199543578719993,208044346.4308112,172702363.8025788,11186952.04017148,6549543.347866133,7853.845247174275,.0011991439448573,.0247314253791415,.0114657729970056,7.056934150568295,7.264993658151586,.0169163495206791,.0156393653492539,.5843869729067325,.8680350867211374,.2666338114585374,.0144527228129852,.0099526932577806,.046675946984048,4.467793788947205,4.47036660760193,4.290000000000006,.017193791,2.198075696208202,.0052514346,.0081335111,-.0023112842,.0087621715,.0075627188,-.00062866043,-.001013227,.58656567,.29970497
3255,2019q4,9,2019,12,2019q4,Банк ЗЕНИТ (публичное акционерное общество),221481867.2401267,27638149.08133214,-1130473.328511735,139602451.6217245,2168720.751529215,.0097918659371691,47942472.48952258,19987202.96700761,193843718.1587946,2434487.09516305,887940.7722237166,360207.4728234293,648358.7449752878,.1247874122867465,190595561.7157747,157385545.1732867,4704466.838725706,6243057.902453249,-308500.6148624422,-.0494149853617752,.0025802374431036,.0034017515368073,6.466480056414547,6.599650321330652,.0109918122214656,.0040090901494027,.6303109747145575,.860547023965327,.2164622914143315,.0016263519777576,.002927367161269,.0212408667912539,4.467793788947205,4.47036660760193,3.439999999999998,.015788341,2.198075696208202,.0034702634,.0047531123,-.00037935557,.0021213146,.0038496191,.0026317977,-.86860973,1.6167585,-.64417243
3269,2017q4,1,2017,12,2017q4,Акционерное общество коммерческий банк «ОРЕНБУРГ»,16246255,3422944,-14833,9906963,-334601,-.0205955772576511,3440498,1725652,12823311,-265937.5768673044,161497,338535,192758,.2106912639251323,12539305,12524305,507357,346111,27534,.0795525135000043,.0341714206462667,.015372303329411,7.938469967958506,8.2497289405987,-.0163691618078938,.0099405678416349,.6097997969378174,.7718274149950251,.2117717590915568,.0208377253711702,.0118647651412587,.0312291663524917,3.686993952164698,3.68332944412253,2.569999999999993,.019281318,1.826705251293492,-.0066621793,3.6845738e-06,.00030776905,.0034619691,-.0069699483,-.0034582845,1.7755985,.61837232,3.0668862
3269,2018q1,2,2018,3,2018q1,Акционерное общество коммерческий банк «ОРЕНБУРГ»,16419483.64717542,3426618.434093161,16091.17938553023,10130835.48067393,-258828.543111992,-.0157635007698015,3621771.060455896,1574053.518334985,12992865.21308226,-268773.1846226814,126970.2675916749,311089.1972249752,176485.6293359762,.2086922163768913,12730161.54608523,12721236.86818632,480661.0505450941,265220.0198216055,16948.46382556987,.0639034105983775,.0307071611041778,.0138635812826939,7.134349393911887,7.58470439501564,-.0163691618078938,.007732902588171,.6170008569311312,.7753082751950698,.22057764654974,.0189463447152,.010748549292312,.0292738225436085,2.862989207274794,2.87829723647867,2.239999999999995,.01737763,2.806340848208899,-.0068740938,.00021067586,.00020315319,.0027267449,-.0070772469,-.002516069,1.981167,.53140438,3.5248523
3269,2018q2,3,2018,6,2018q2,Акционерное общество коммерческий банк «ОРЕНБУРГ»,16484678.65992138,3419510.375353267,61493.85394893416,10307796.81854012,811582.5569086612,.0492325372942715,3561514.546402778,1531460.277255345,13065168.28456812,924774.2021784153,138343.2738835539,334696.0278530236,166845.9031981511,.2074356707763435,12786571.3623892,12757150.81189932,511255.6161379173,210187.2774948284,20345.29134876945,.0967960173006667,.032470180946041,.0130485255561875,6.984828947426447,7.250000000000001,.056099012983904,.008392233584747,.6252955869622806,.7756639741772304,.216049983131413,.0203034608534262,.0101212711900656,.0310139873930885,2.862989207274794,2.87829723647867,2.370000000000005,.017022472,2.806340848208899,.023640996,-.0011871208,.00025537109,.0029309343,.023385625,-.0041180551,-.19644371,.90611142,-.1087982
3269,2018q3,4,2018,9,2018q3,Акционерное общество коммерческий банк «ОРЕНБУРГ»,16133800.01798908,3409569.07034551,65454.57062555227,10201035.13854481,237159.5858370284,.0146995491187815,2823025.244342239,1474581.887391838,12724230.94764357,279599.8269742992,154999.606891842,294320.3187017,158386.6140769224,.2113308127374743,12410682.23595377,12381492.28606799,478185.8670355937,202934.3695959468,19541.69845020279,.0962956570102509,.0288520051842195,.0127621198468909,7.079323134017357,7.288423662270072,.0173300664854248,.0096071357472523,.6322772767215858,.7692349119312215,.1749758420951409,.0182424672658354,.0098170681364788,.0296387625049536,2.862989207274794,2.87829723647867,2.980000000000004,.017246969,2.806340848208899,.0065855314,-.000073904244,.00057901471,.0030789159,.0060065165,-.00315282,.24076045,.79482061,.53724569
3269,2018q4,5,2018,12,2018q4,Акционерное общество коммерческий банк «ОРЕНБУРГ»,15068767.46379292,3096886.07725273,-277420.5289596763,9113705.773113817,306454.5218558656,.0203370662260342,2491964.534421654,1829630.602772977,11971881.38654019,357409.1360672919,162487.9292082104,280561.8107933003,141959.368429725,.2055168801757606,11677287.29747325,11648406.37347425,468814.4123010138,394442.1822137361,18530.00083775497,.0469777363408717,.0307846026389156,.012156878974832,7.321223748417882,7.53902423028483,.0237185381568911,.0107830935475403,.6048076456825109,.774933140718464,.1653728176779767,.0186187630453142,.0094207684053008,.0311116628103444,2.862989207274794,2.87829723647867,3.870000000000005,.017820993,2.806340848208899,.0077030351,.0012634606,.00071431982,.0033079488,.0069887154,-.0020444882,.24082886,.7622928,.60792094
3269,2019q1,6,2019,3,2019q1,Акционерное общество коммерческий банк «ОРЕНБУРГ»,14753280.2394555,3089026.04207849,24625.41287519526,9494922.810187854,249437.9862439115,.016907289917589,2917362.587706683,1326784.483463768,11664254.19737701,288847.8836125546,159109.9321884435,230228.3356981407,127493.7937306967,.2093789307829549,11439665.00299752,11413695.54607746,700188.5106738836,243469.9028694048,330.8271106209491,.0013588008485731,.0242475205223481,.0111448887443198,7.573094411210013,7.74999999999999,.0195785533064079,.0107847156432999,.6435804550634824,.7753980685870658,.1977433181201711,.0156052302919339,.0086417252069633,.0474598529485891,4.467793788947205,4.47036660760193,5.159999999999997,.018417645,2.198075696208202,.0080881678,-.00095806265,.00053864642,.0035109487,.0075495215,-.0044690114,-.066223867,1.7588352,.29704657
3269,2019q2,7,2019,6,2019q2,Акционерное общество коммерческий банк «ОРЕНБУРГ»,14940417.32941671,3095859.122319432,1931.018035364182,9807079.139670191,235709.3848411543,.0157766265589555,2760964.355371546,1288443.057050506,11844558.20709728,285055.4436926161,153446.3349514454,277316.4241449833,138780.1268541148,.2072136978546031,11593297.91455575,11571071.12157202,636780.9899946974,335824.3087694574,59.78962470406755,.0001780384062224,.0282771679717789,.0119707203141801,7.618170305415228,7.708292995124966,.0190794833509343,.010270552125028,.6564126639461865,.7759688139185578,.18479834227491,.0185614911572092,.0092889056439451,.0426213656522778,4.467793788947205,4.47036660760193,4.989999999999995,.018524315,2.198075696208202,.0077294782,-.0010040358,.00061187812,.0032468573,.0071176002,-.0042508934,.10277128,1.3995765,.48138586
3269,2019q3,8,2019,9,2019q3,Акционерное общество коммерческий банк «ОРЕНБУРГ»,15103186.08144825,3125980.636376406,17766.09403661616,10445254.93786972,229287.1195078579,.0151813741995471,2650237.482955557,1083310.911212025,11977205.44507184,276996.1735042962,250787.4524275906,286136.7542386812,146113.0601467292,.2069749137379797,11766739.74798061,11748045.22623567,723849.829158986,185808.7099632063,-179.1538894448688,-.0009641845609947,.0273939464322005,.0124174633990528,7.056934150568295,7.264993658151586,.0183402476808877,.0166049369368256,.6915928123735413,.7790899009338229,.1754753909978592,.0189454564550557,.0096743203294174,.0479269622485891,4.467793788947205,4.47036660760193,4.290000000000006,.017193791,2.198075696208202,.007596781,-.0016187709,.0011474831,.005080272,.006449298,-.0066990429,.158645,2.0067377,.45196867
3269,2019q4,9,2019,12,2019q4,Акционерное общество коммерческий банк «ОРЕНБУРГ»,15062567.09288797,3102471.977466031,-33355.87040750085,9252477.453987438,452342.1632243472,.0300308812193061,3033277.883039488,2117015.755100745,11960095.11542194,511958.6728504553,205555.0743685165,292702.7191561467,141600.2632113271,.2059723258547949,11832025.40131109,11816896.72654469,797905.8905020776,564168.1445910571,323.90665797389,.0005741314200019,.0316350642962122,.0119675421923652,6.466480056414547,6.599650321330652,.0339888061373141,.0136467491298726,.6142696259494932,.7855251583840426,.2013785475167575,.0194324591121225,.0094008054761254,.0529727692219756,4.467793788947205,4.47036660760193,3.439999999999998,.015788341,2.198075696208202,.012706296,.00053322141,.00055661198,.0044815578,.012149683,-.0039483365,.13233005,.96881604,.31172073
3287,2018q1,2,2018,3,2018q1,Акционерное общество «Всероссийский банк развития регионов»,598876957.383548,-11162036.66997027,2584753.221010901,382858652.1308225,1753513.379583746,.0029280027524263,119965399.4053518,65714245.78790881,610038994.0535183,2447605.550049554,1191740.336967294,7771850.346878096,4826371.655104063,-.0186382804219692,589339346.8780971,493443668.9791873,11356259.6630327,46915551.04063429,2338974.231912785,.0498549879524374,.0202995290915418,.0081894610985517,7.134349393911887,7.58470439501564,.0040869923610736,.0019899585754208,.6392943448742884,.9840741735211852,.2003172737342781,.0129773741518338,.0080590371621412,.0189625924374306,2.862989207274794,2.87829723647867,2.239999999999995,.01737763,2.806340848208899,.00059174822,.0025941411,-.00026923299,.001047502,.00086098118,.001546639,.11299753,.78486556,1.2429323
3287,2018q2,3,2018,6,2018q2,Акционерное общество «Всероссийский банк развития регионов»,628485786.0494418,-11219401.40163425,1846266.051607176,375539227.6948587,1963821.745199596,.003124687604383,131067667.8545377,69380458.125044,639705187.451076,2754976.633218116,1518978.118367505,7745768.981599799,4456877.024256459,-.0178514799390414,620666962.8989205,523602181.5926599,11845548.19017522,38829591.66041153,1372932.5443657,.0353578929279718,.0206257253846556,.0071807866225712,6.984828947426447,7.250000000000001,.0043835146225588,.0024168853967495,.5975301845017632,.9875592681265409,.2085451584806834,.012324493494576,.0070914523815593,.0188477582995701,2.862989207274794,2.87829723647867,2.370000000000005,.017022472,2.806340848208899,.00040121071,.0030230996,-.00039536352,.0012937875,.00079657423,.0017293121,.15751007,.91046947,1.5855324
3287,2018q3,4,2018,9,2018q3,Акционерное общество «Всероссийский банк развития регионов»,700924900.5292759,-6325823.122629624,6701225.338127395,425060955.1290988,2051674.007622092,.0029270953365658,142109521.5679424,79493571.40395801,707250723.6519055,2970483.141181923,1475247.418249234,8788532.490573393,5171838.346826668,-.0090249656102286,692588681.880156,599060849.1726555,13465116.63366792,51432483.4771087,1380417.055056958,.026839401128109,.0206759345560313,.007467402344472,7.079323134017357,7.288423662270072,.0042379478014533,.0021047153798292,.606428669901912,.9881068304994942,.2027457170670267,.012538479491793,.0073785912626607,.019210498333702,2.862989207274794,2.87829723647867,2.980000000000004,.017246969,2.806340848208899,.00041322596,.0029435232,-.0003374113,.0011347721,.00075063726,.0018087511,.14881581,.85928023,1.5159205
3287,2018q4,5,2018,12,2018q4,Акционерное общество «Всероссийский банк развития регионов»,712918836.3385051,-1335878.475296298,4835064.271485424,470179071.5797726,2706838.608974175,.0037968397957842,140502589.5930816,50374041.21292128,714254714.8138015,3681745.967576638,1611339.914911376,8417455.047018187,5650583.586722236,-.0018738156536265,704816757.1307662,596585481.9294666,13075465.77662524,36494641.22237268,1075130.903761241,.0294599663882198,.0179026578506271,.0080170959750236,7.321223748417882,7.53902423028483,.0051643269610967,.0022602010674695,.6595127630440727,.9886353413673979,.1970807649222621,.0118070313448998,.0079259844160426,.018340749479674,2.862989207274794,2.87829723647867,3.870000000000005,.017820993,2.806340848208899,.00083317666,.0032723618,-.00029959111,.0012054978,.0011327678,.0020668642,-.055456188,.76726139,.95660377
3287,2019q1,6,2019,3,2019q1,Акционерное общество «Всероссийский банк развития регионов»,725650244.1169275,-5438.382986560901,4022550.401224637,498888821.0210766,2345248.467629999,.0032319267948211,149868824.4616554,64953275.36098418,725655682.4999141,3215069.28617031,2595510.222804631,8964573.963404149,6927494.248163396,-7.49449618553e-06,722455740.7782037,623009789.9452605,24757957.67315906,49756973.32162035,240958.0673998754,.004842699451238,.0179690816584271,.0095888147289152,7.573094411210013,7.74999999999999,.0044306045677458,.0035768061043833,.6875058956649207,.99559773683724,.2065303852326774,.012353849579853,.0095466022430596,.0341183068205096,4.467793788947205,4.47036660760193,5.159999999999997,.018417645,2.198075696208202,.00087058276,.0026497005,-.0004580589,.0019103746,.0013286417,.00073932589,-.090002,.7832489,.64590371
3287,2019q2,7,2019,6,2019q2,Акционерное общество «Всероссийский банк развития регионов»,713337130.4827449,3549595.110495512,2609151.02454483,486475881.4117415,3066283.81077441,.0042985058252881,157879200.3192683,55349688.27891048,709787535.3722494,4070611.242295617,3258785.849638016,9479738.41811851,7534528.754803087,.0049760414239104,707180740.432603,604329970.3307943,11785758.84805238,28399173.02163575,238322.3782832993,.0083918774008572,.0194865537642042,.010654318371558,7.618170305415228,7.708292995124966,.0057064339824017,.0045683670600921,.6819719044801762,.9913695925992586,.2213248036204492,.0132892821823297,.0105623672634343,.0165220038946753,4.467793788947205,4.47036660760193,4.989999999999995,.018524315,2.198075696208202,.001216425,.0033647958,-.00062786636,.0024799581,.0018442913,.0008848377,-.043304522,.605344,.55909771
3287,2019q3,8,2019,9,2019q3,Акционерное общество «Всероссийский банк развития регионов»,707256015.5346478,7370460.060656792,4846234.011596346,450675814.3090514,3656587.802253398,.0051701049152466,163115449.1454371,80465788.1482043,699885555.473991,4793071.96108993,4594454.681124589,9553580.836586906,7457308.64093789,.0104212051912844,696838842.9689486,592075337.4906725,19525004.5289497,64410889.01827303,240293.8865906271,.0037306407387493,.0211983437612109,.0107016259443365,7.056934150568295,7.264993658151586,.0067769970927241,.0064961691102075,.6372173645894896,.9852710018198652,.230631405831353,.0135079527451808,.0105440017152778,.0276066998372433,4.467793788947205,4.47036660760193,4.290000000000006,.017193791,2.198075696208202,.0012220702,.0042960173,-.0010503435,.0035921726,.0022724136,.00070384471,.088981889,.50750381,.6339047
3287,2019q4,9,2019,12,2019q4,Акционерное общество «Всероссийский банк развития регионов»,687862147.813361,12777054.7220027,3942699.809744181,464035639.4142425,4297110.470309388,.0062470518024134,166236729.270266,45036321.45437404,675085093.0913584,5459035.321463639,3295777.237105829,9647341.077681556,7040916.323876142,.0185750222811643,666481292.7044066,580759874.0854735,22329327.3340364,30735629.35935359,202318.8000875532,.0065825494484623,.0207900864896056,.0105643120083775,6.466480056414547,6.599650321330652,.0079362345185257,.0047913339141901,.6746055745171635,.9689169477097673,.2416715759090894,.0140251082405819,.0102359409458108,.0324619219199936,4.467793788947205,4.47036660760193,3.439999999999998,.015788341,2.198075696208202,.0020225907,.0045134802,-.00070902059,.002695905,.0027316113,.0018175752,.12257776,.27511588,.56364369
3292,2017q4,1,2017,12,2017q4,Акционерное общество «Райффайзенбанк»,862846533,127759865,5876774,658527311,8104611,.0093928765893297,86406982,59667405,735086668,11175930,8381459,16385149,4692015,.148067889379814,701017502,633231832,25117500,5989647,1441632,.2406873059464105,.0248815025987586,.0066931495813067,7.938469967958506,8.2497289405987,.0129523960201159,.0097137308657413,.7632032879710255,.8124474923282794,.1001417734154586,.0189896445930322,.0054378325931107,.0291100433731476,3.686993952164698,3.68332944412253,2.569999999999993,.019281318,1.826705251293492,.0040225624,.0068428218,-.00019986005,.0055138674,.0042224224,.0013289545,.058618832,1.4035238,1.2794502
3292,2018q1,2,2018,3,2018q1,Акционерное общество «Райффайзенбанк»,889789961.347869,118489884.0436075,9836401.387512388,663536771.0604558,7745166.50148662,.0087044885174408,136506837.4628345,47561431.11992071,771300077.3042616,10008362.73538156,7076604.558969276,16307336.96729435,4658654.112983151,.1331661281771678,745339321.1100098,654409586.7195241,24077866.20416253,5216592.666005946,2083479.682854311,.3993947421717163,.0245763877429614,.0062503801705311,7.134349393911887,7.58470439501564,.011248005900427,.0079531180012972,.7457229232563143,.837657597283922,.1534146746902512,.0183271757107618,.0052356784357582,.0270601684106314,2.862989207274794,2.87829723647867,2.239999999999995,.01737763,2.806340848208899,.0041120318,.0055912216,-.00058227719,.0048395027,.0046943091,.00075171888,.11346754,1.4817743,1.2455081
3292,2018q2,3,2018,6,2018q2,Акционерное общество «Райффайзенбанк»,916790297.3770403,114468744.2936391,1499109.439936671,693596542.653816,8454773.847170439,.0092221458618833,102941864.796095,38967465.18617226,802321553.0834012,11299974.48257587,8119940.52341513,16319681.34797901,4653013.046837321,.124858154172374,775909464.7283884,682257088.7345377,25884301.3315545,4564342.449715866,1505836.939148691,.3299132253414576,.0235290696310815,.0059968504810882,6.984828947426447,7.250000000000001,.0123255825404189,.0088569224026983,.7565487381773268,.8463325440379165,.1122850722685594,.0178008879398811,.0050753297238744,.0282336117709907,2.862989207274794,2.87829723647867,2.370000000000005,.017022472,2.806340848208899,.0035722011,.0068192328,-.00034316097,.005005382,.0039153621,.0018138508,.12375854,1.1793782,1.3737454
3292,2018q3,4,2018,9,2018q3,Акционерное общество «Райффайзенбанк»,979681690.6149271,118836991.4049478,5411606.541185156,729465440.1939875,7788859.411843305,.0079503980593476,162051379.2031394,37154997.88914113,860844699.2099793,10956113.95120196,8014537.617391925,17252892.1006969,4471007.110035587,.1213016355652785,828961258.3744646,759505665.1029928,28020555.73543623,4092132.263499737,1287177.544133458,.3145493501308821,.0236514180796678,.0053935055044706,7.079323134017357,7.288423662270072,.0111833405239257,.0081807567643337,.7445943383264786,.8461536704377336,.1654122770237983,.0176107119955131,.004563734479134,.028601693798981,2.862989207274794,2.87829723647867,2.980000000000004,.017246969,2.806340848208899,.0041637383,.0056438404,-.00070353801,.005072271,.0048672762,.00057156943,.069510527,1.8913248,1.3050308
3292,2018q4,5,2018,12,2018q4,Акционерное общество «Райффайзенбанк»,1082079716.650735,127914856.1966742,11039045.83262453,797638210.9994661,15977691.53803235,.0147657250128361,163017285.7387931,70222624.70328701,954164860.4540604,19282014.85190786,8821099.65431547,21846156.66619287,4597500.380341827,.1182120450354598,913249255.4246848,824471229.1109856,31969221.85214755,13494770.58361224,2173303.008688881,.1610477921964892,.0273885533126841,.0050342229714755,7.321223748417882,7.53902423028483,.0178194032798154,.0081519868809838,.7371344261662391,.843975948695706,.1506518265062448,.0201890455296689,.0042487631082967,.0295442390798148,2.862989207274794,2.87829723647867,3.870000000000005,.017820993,2.806340848208899,.0062171989,.0096678585,-.00066568016,.0050439467,.006882879,.0046239118,.1086745,.84517962,1.2982562
3292,2019q1,6,2019,3,2019q1,Акционерное общество «Райффайзенбанк»,1042045607.346541,145875373.6507821,14923075.60455878,815343843.4063054,9149242.410574667,.0087800786703302,102213098.119353,80852875.3088508,896170233.6957589,10919421.93478953,7281693.210243227,20239499.31816838,5113588.993703727,.1399894329214998,873412816.7788736,794333133.3117464,31800937.91622321,3985585.419881495,2309843.369101893,.5795493323464066,.024823268712759,.0058547217254752,7.573094411210013,7.74999999999999,.0104788330355278,.0069878834082755,.7824454492759605,.8381713915602282,.0980888911183339,.0194228536404526,.0049072602558394,.0305177985416597,4.467793788947205,4.47036660760193,5.159999999999997,.018417645,2.198075696208202,.0030152239,.005831935,-.00016466124,.0039310078,.0031798852,.0019009272,.14935681,1.3747394,1.747576
3292,2019q2,7,2019,6,2019q2,Акционерное общество «Райффайзенбанк»,1107026017.409673,149059938.266785,4567889.958875321,834114073.5081843,8857071.516405517,.0080007799068085,147570432.0439836,78169312.20742036,957966079.1428879,12568521.81203937,9206199.950884515,17108817.92490088,5726256.950530584,.1346489928173232,933022186.8356286,825862142.1255375,28924987.27081836,7347523.624560711,864199.2354725924,.1176177552643474,.0205113646541692,.0061373213106018,7.618170305415228,7.708292995124966,.011353411405315,.0083161550009692,.7534728727152461,.842818662039041,.1333034903635628,.0154547568492868,.0051726489355051,.0261285523699794,4.467793788947205,4.47036660760193,4.989999999999995,.018524315,2.198075696208202,.0037793636,.0062065981,-.00053871452,.005031324,.004318078,.0011752741,-.10204835,1.5332066,.9617964
3292,2019q3,8,2019,9,2019q3,Акционерное общество «Райффайзенбанк»,1098285395.751957,158955519.1598566,10014866.64436682,837216189.6379443,10690223.62126305,.0097335571087548,126603313.5573639,80786499.73691949,939329876.5921003,13478714.72055912,9386516.102306869,19422780.43934426,6173633.699338437,.1447306135314905,915195076.3971491,800490502.6136528,32694073.21274637,3267555.131323865,1049062.659346481,.3210543103893853,.0231992413426019,.0067457024830621,7.056934150568295,7.264993658151586,.0122725065567595,.008546518180623,.7622938380827072,.8332944059322099,.1152736019681689,.017684638723659,.0056211561432186,.0297682854922804,4.467793788947205,4.47036660760193,4.290000000000006,.017193791,2.198075696208202,.003892994,.0067954124,-.00039501354,.00506027,.0042880075,.0017351424,.079948768,1.0273676,1.1025785
3292,2019q4,9,2019,12,2019q4,Акционерное общество «Райффайзенбанк»,1197699125.946734,165731527.0296863,7159229.746064914,920046052.9862741,10248411.31212517,.0085567494290557,157011190.9840997,73335537.96317564,1031967598.917048,13024385.37835352,10676798.34415333,18854493.0071766,5630629.5273566,.1383749252540216,1005221406.864345,889353847.5959467,28727536.52565915,7278943.04070654,805793.2037769936,.1107019520925909,.0204929883085514,.0056013824306832,6.466480056414547,6.599650321330652,.0108745052043503,.0089144244266804,.7681779447396807,.8392937634230609,.1310940181742126,.0157422616404373,.0047012053406199,.0239856036489558,4.467793788947205,4.47036660760193,3.439999999999998,.015788341,2.198075696208202,.0037334552,.0058587966,-.00055347552,.0054469653,.0042869309,.00041183131,.020807512,1.6256078,1.0724453
3311,2017q4,1,2017,12,2017q4,Акционерное общество «Кредит Европа Банк (Россия)»,108841497,17540294,961678,90437954,3236046,.0297317299853015,471909,8463584,91301203,4471447,2225628,4456718,1098144,.1611544721770962,88262028,71137669,5889522,713896,244940,.3431031971043401,.0492792882068075,.0124418623147884,7.938469967958506,8.2497289405987,.0410821894520617,.0204483405809826,.8309142789537339,.8109225840581741,.0043357452167348,.0409468642277127,.0100893871388042,.0541109977566736,3.686993952164698,3.68332944412253,2.569999999999993,.019281318,1.826705251293492,-.013102039,.031736728,.007524251,-.00052663672,-.02062629,.032263365,-37.639656,-.56870103,-7.0211039
3311,2018q1,2,2018,3,2018q1,Акционерное общество «Кредит Европа Банк (Россия)»,113150606.5411298,16967553.02279484,-358181.3676907829,95700435.08424181,2848670.961347869,.0251759230323912,497618.4340931615,8492428.14667988,96183053.51833497,3829315.163528245,1775793.855302279,4090070.366699702,1143698.711595639,.1499554756396927,92317990.08919722,78210690.78295341,5377947.472745292,1781804.757185332,342466.7988107036,.1922022025307021,.0427382630298321,.0123886873023406,7.134349393911887,7.58470439501564,.0338426392980607,.0156940727901161,.8457792495301832,.8158859498083203,.0043978415079223,.036147136031595,.0101077559065484,.0475291086556432,2.862989207274794,2.87829723647867,2.239999999999995,.01737763,2.806340848208899,-.010246738,.025752733,.0056578228,-.00033385889,-.015904561,.026086591,28.013073,-.548343,-13.155803
3311,2018q2,3,2018,6,2018q2,Акционерное общество «Кредит Европа Банк (Россия)»,115356771.2475706,16845549.17086024,56068.7044386,94225697.20330209,16533058.79383196,.1433210951990835,380599.9320973695,11044779.64694163,98511222.07671036,9222792.162146922,2538128.543092378,6006582.363298989,1171218.385411957,.1460299988347238,94597564.13532904,79536285.05139868,12097057.61151811,606654.6931564073,-90869.29292806459,-.149787505071912,.0637467542462343,.0123810628330391,6.984828947426447,7.250000000000001,.0799501586461155,.0220024235737773,.8168198206681904,.8200434453241621,.0032993289252224,.0520696123715883,.0101530094223803,.1048664719087556,2.862989207274794,2.87829723647867,2.370000000000005,.017022472,2.806340848208899,-.032484125,.06837187,.0087280758,-.0012024066,-.041212201,.069574274,-3.6352818,-.79229575,-3.2110384
3311,2018q3,4,2018,9,2018q3,Акционерное общество «Кредит Европа Банк (Россия)»,122220336.2243159,17053596.74485338,340389.8436081031,103402283.875735,3994401.392287144,.0326819702488468,568981.2061553245,8625663.273192344,105166739.4794626,5357827.950513917,2543308.657568397,4980033.132123841,1214497.487912845,.1395315810091884,100512684.1396899,87111322.24856584,6550906.826198904,437750.9754554763,95467.67709811528,.2180867261318651,.0481617324633628,.0120830271155128,7.079323134017357,7.288423662270072,.0438374505915323,.0208092101211419,.8460317412804088,.8223891967963084,.0046553726141863,.04074635437906,.0099369509643946,.0535991556607712,2.862989207274794,2.87829723647867,2.980000000000004,.017246969,2.806340848208899,-.013053528,.033505,.0073241582,-.00014758235,-.020377686,.033652581,-16.38361,-.62289846,-6.8063545
3311,2018q4,5,2018,12,2018q4,Акционерное общество «Кредит Европа Банк (Россия)»,132882752.5019082,17606257.96141166,734689.3105433587,110343794.4546427,2594198.191890762,.0195224597853925,435624.4544413692,10778094.16922655,115276494.5404965,4177818.195947903,1713173.090234364,4176282.693488623,1284407.855242756,.1324946814385022,110524886.5123935,91718622.30803379,5977196.9935294,4243568.507524014,307962.1060886132,.0725714939072114,.0378479162705004,.0116209832533846,7.321223748417882,7.53902423028483,.0314398830343909,.0128923660744442,.8303846238665034,.8317474196721382,.0032782618228435,.0314283277164104,.0096657228350558,.0449809842209851,2.862989207274794,2.87829723647867,3.870000000000005,.017820993,2.806340848208899,-.012617722,.027206684,.0049903942,-.00055935798,-.017608117,.027766041,176.79315,-.5475415,-7.3215413
3311,2019q1,6,2019,3,2019q1,Акционерное общество «Кредит Европа Банк (Россия)»,145960617.7121462,20902504.1811468,1416474.446482511,125969527.140322,2269877.380578645,.0155513001805401,386944.2483396406,9534925.55727895,125058113.5309994,3864015.410738413,2620588.991349936,4469346.080765249,1499335.798628181,.1432064656123156,120465853.3970462,101897974.4574217,8440345.889430622,531752.2700535476,269533.6125275276,.5068781605772656,.035479581310063,.0124461476538624,7.573094411210013,7.74999999999999,.0264729998495811,.0179540826315088,.8630377776884358,.8253312111532778,.0026510181609586,.030620219007153,.0102721941173548,.057826186417463,4.467793788947205,4.47036660760193,5.159999999999997,.018417645,2.198075696208202,-.010412534,.023240408,.007071218,-.0011670609,-.017483752,.024407469,36.991055,-.50024861,-8.0429468
3311,2019q2,7,2019,6,2019q2,Акционерное общество «Кредит Европа Банк (Россия)»,138614871.1340714,21287279.37382089,380433.9082888938,118819249.4753284,1833115.327549929,.0132245213846998,347760.7468138929,9595147.341203537,117327591.7602505,2442090.405205691,1529765.192910754,4289850.453956572,1529767.995549412,.153571396774819,113724521.3699474,96177901.39185411,4036628.314354443,448478.2380536667,124767.867776985,.2782027246594176,.0361040022799278,.0134515228300945,7.618170305415228,7.708292995124966,.0176178095843962,.0110360827838676,.8571897697787689,.8204352133325615,.0025088271119015,.0309479814024235,.0110361030027564,.0291211778457026,4.467793788947205,4.47036660760193,4.989999999999995,.018524315,2.198075696208202,-.0071695247,.015603825,.0044476618,-.00084587216,-.011617186,.016449697,4.2270637,-.38048297,18.682323
3311,2019q3,8,2019,9,2019q3,Акционерное общество «Кредит Европа Банк (Россия)»,138875918.5726146,21780748.87972035,1226807.57809832,115949399.3907882,1880268.590568956,.0135391982274149,346847.5285243111,11255306.71374009,117095169.6928943,3206009.238647333,1774798.269810509,4081763.837285259,1536416.291133801,.1568360382677272,113716150.0502609,95749616.40271024,10093705.55284066,595942.3499339174,242233.7872997723,.4064718463566702,.035202975252406,.0135109770288101,7.056934150568295,7.264993658151586,.0230854223799139,.0127797409950704,.8349136450907525,.8188327481038528,.002497535440912,.0293914443860259,.0110632304500686,.0726814674321158,4.467793788947205,4.47036660760193,4.290000000000006,.017193791,2.198075696208202,-.010079565,.02104412,.0052553196,-.00096915732,-.015334886,.022013277,17.937479,-.51599854,-20.300844
3311,2019q4,9,2019,12,2019q4,Акционерное общество «Кредит Европа Банк (Россия)»,127588222.2099393,21098090.18114077,-635967.4537752694,109021123.7619464,2083767.853579235,.0163319765530592,381606.7198736526,7864469.478632445,106490132.9595648,3381740.01644633,2096911.203916159,3858568.778400497,1504930.832753499,.1653607975383891,103461966.8448172,93635929.81468999,7357011.060642058,574183.1895330084,303406.5311294218,.5284141658277853,.0353928545703298,.0145457396437354,6.466480056414547,6.599650321330652,.0265051111918611,.0164349903744705,.8544763918926483,.8109053096968175,.0029909243444567,.0302423586720366,.0117952175105726,.0576621488505146,4.467793788947205,4.47036660760193,3.439999999999998,.015788341,2.198075696208202,-.0096572442,.022227038,.0064212084,-.0010158678,-.016078454,.023242906,-122.99697,-.58219349,-24.091625
3349,2017q4,1,2017,12,2017q4,Акционерное общество «Российский Сельскохозяйственный банк»,3011235937,253966304,436578,2262185564,27123673,.0090074884756531,230725795,232516092,2757269633,27870596,13747785,57113884,37243571,.0843395566848271,2719224305,2258865627,69464626,2879509,5982118,2.077478486783684,.025247214423476,.0136963953034393,7.938469967958506,8.2497289405987,.0092555338017673,.0045654957923013,.7512481955345367,.9030259872991148,.0766216264109364,.0189669242779099,.0123682008913272,.0230684766831009,3.686993952164698,3.68332944412253,2.569999999999993,.019281318,1.826705251293492,.0012640288,.0075151664,-.00021970989,.0026433745,.0014837388,.0048717922,.21585095,.038406063,.66317469
3349,2018q1,2,2018,3,2018q1,Акционерное общество «Российский Сельскохозяйственный банк»,3006282243.805748,250628972.2497522,416851.3379583746,2194978446.977205,25969319.12784935,.0086383503017248,295204789.8909811,236620437.0664023,2755653271.555996,26604666.99702676,9306938.553022794,52565874.13280475,35571354.80673935,.0833684105230496,2717328264.618434,2249529060.455897,64012523.29038651,2912228.939544103,6314028.741328047,2.168108645440658,.0239482415898868,.0130905622518648,7.134349393911887,7.58470439501564,.0088496903615234,.0030958299315372,.7301305296599537,.9038832831539071,.0981959662966548,.0174853423164486,.0118323403865462,.02129291866134,2.862989207274794,2.87829723647867,2.239999999999995,.01737763,2.806340848208899,.0015413716,.0070269112,-.00024981107,.0018844715,.0017911827,.0051424396,.24933361,-.046913393,.60923612
3349,2018q2,3,2018,6,2018q2,Акционерное общество «Российский Сельскохозяйственный банк»,3073149885.740389,250933707.2619922,4578732.040960467,2231253452.746771,23839398.51057483,.0077573172142339,312882380.3657445,254585971.457751,2822216178.478396,24573126.44540713,11972530.2281446,54015997.32626037,34528753.39047327,.0816535856016462,2784614218.128276,2388932981.358943,66338124.1103961,4533517.558282601,4978063.056869728,1.098057522193767,.0242088128803854,.0123998337599821,6.984828947426447,7.250000000000001,.0079960715744546,.0038958497545785,.726047715114687,.9061107728747834,.1018116239033894,.0175767532774428,.0112356229517763,.0215863614131576,2.862989207274794,2.87829723647867,2.370000000000005,.017022472,2.806340848208899,.0014108184,.0063670254,-.00033865884,.0023898904,.0017494772,.0039771348,.28962702,.039415311,.71095347
3349,2018q3,4,2018,9,2018q3,Акционерное общество «Российский Сельскохозяйственный банк»,2915926711.321104,248929473.7521178,-152478.5682200398,2010988158.366827,20869698.13925152,.0071571408356132,379222142.7216012,258718093.8187097,2666997237.568985,21708496.64717609,12160024.24429123,49703475.17552406,33716240.8149065,.0853689061476229,2630458312.059152,2255823194.822402,62751612.40207523,3732441.052028825,2695512.84025951,.7221849729667729,.0247159462221247,.0128176297873024,7.079323134017357,7.288423662270072,.007444801874784,.0041702091472601,.6896566194750893,.902100283195178,.1300520144245289,.0170455159186786,.0115627874610164,.0215202982154667,2.862989207274794,2.87829723647867,2.980000000000004,.017246969,2.806340848208899,.001530642,.0058877454,-.00052065216,.0026822318,.0020512943,.0032055136,.28073421,.076378629,.66225517
3349,2018q4,5,2018,12,2018q4,Акционерное общество «Российский Сельскохозяйственный банк»,3167157679.189632,261786749.539229,-1625758.23486914,2214211819.962234,47462155.74513397,.0149857255472288,447432850.5441257,243688111.2942306,2905370929.650403,48172570.63905618,12407515.46795623,51485228.02490032,37012932.50827384,.0826566833913401,2867880731.208769,2399188449.596465,65802464.74866861,10605807.90520294,745722.7862084412,.0703126808324153,.0232521692643563,.0129060222433565,7.321223748417882,7.53902423028483,.0152100323124366,.0039175553365979,.6991163826515816,.9055061420063437,.1412726791230074,.0162559724648991,.0116864824102298,.0207765041762951,2.862989207274794,2.87829723647867,3.870000000000005,.017820993,2.806340848208899,.0035275081,.011802458,-.0005269064,.002570959,.0040544146,.0092314994,.062936485,-.19498697,.37096524
3349,2019q3,8,2019,9,2019q3,Акционерное общество «Российский Сельскохозяйственный банк»,2886426218.661581,148889157.9024856,4991302.940481154,2208759553.431997,21487874.25967083,.0074444564426229,368852464.2362492,165411321.1681639,2737537060.759095,22153225.67846019,11308987.56405136,52987486.50229541,34696097.39924295,.0515825268423194,2726924770.945927,2357671300.587137,65497977.09065418,9092499.376212137,3195.844121607686,.0003514813682549,.0239897033699131,.0127235256978532,7.056934150568295,7.264993658151586,.0076749668968613,.0039179894815726,.7652229387163014,.9447408540414334,.1277886342119231,.0183574713116573,.012020434534208,.0226917205321899,4.467793788947205,4.47036660760193,4.290000000000006,.017193791,2.198075696208202,.0016755535,.0055359523,-.00039151299,.0023784393,.0020670665,.003157513,.24551588,.082661584,.62195694
3349,2019q4,9,2019,12,2019q4,Акционерное общество «Российский Сельскохозяйственный банк»,2985723339.965034,159394435.6736647,-5703961.808568637,2315061671.632932,23116828.1885342,.0077424548614759,355415179.8113135,171395621.3271027,2826328904.291369,23824893.72746268,12736583.14354862,52301286.24740974,32730403.8586545,.0533855342657205,2811767532.490318,2398400622.752126,64939291.93651579,25210268.56507224,6468.825496892344,.0002565948665003,.0225917464265731,.0116405084988182,6.466480056414547,6.599650321330652,.0079796052797516,.0042658283080233,.7753771558955104,.9417374660450779,.1190382159840288,.0175171240909488,.0109623029771532,.0217499361267934,4.467793788947205,4.47036660760193,3.439999999999998,.015788341,2.198075696208202,.0017048769,.0057825176,-.00038681951,.0025719944,.0020916965,.0032105232,.26351786,.063114084,.64516526
3368,2017q4,1,2017,12,2017q4,Акционерное общество Банк «Северный морской путь»,550826299,-53416213,2413514,284342772,2848400,.0051711401673652,176596798,30294896,604242512,3071867,4718764,28681311.87300662,7500243,-.0969746961918389,573107295.3729819,509098800,58587187.38183754,1491064,134304,.0900725924574666,.1008687918151358,.0130869787569513,7.938469967958506,8.2497289405987,.0055768343043475,.0085667006251639,.51621132200153,1.04045013176283,.3206034249283366,.0520696123715883,.0136163487720473,.1063623641213208,3.686993952164698,3.68332944412253,2.569999999999993,.019281318,1.826705251293492,-.000045281591,.0041311947,-.0024055322,.004706454,.0023602506,-.00057525933,3.6608818,.54106063,5.5298953
3368,2018q1,2,2018,3,2018q1,Акционерное общество Банк «Северный морской путь»,553088306.2438056,-52882634.2913776,1758305.252725471,282887958.3746283,2262285.43111992,.0040902789040756,190369035.67889,21017030.7234886,605970940.5351833,2428661.050545094,2074231.912784935,7746880.079286422,5823633.300297324,-.0956133653421819,575460801.1078479,487979434.0931615,11252466.7988107,927013.8751238849,101401.3875123885,.1093849727964831,.0273849764542725,.0101199478558504,7.134349393911887,7.58470439501564,.0043910909399602,.0037502725864369,.5114697873397618,1.04045013176283,.3441928414139601,.0140065880833712,.0105293010800525,.0203447924531793,2.862989207274794,2.87829723647867,2.239999999999995,.01737763,2.806340848208899,.000020701858,.0032385562,-.00111223,.0020899086,.0011329319,.0011486476,.47942439,.54212916,1.4335972
3368,2018q2,3,2018,6,2018q2,Акционерное общество Банк «Северный морской путь»,584055782.7366878,-53920263.83565131,-1588072.281192991,293181577.5573764,4363641.338383992,.0074712749490082,192876335.4233038,29597721.04493165,637976046.5723392,4575863.537287704,-103114.1260419533,8027362.877188619,6253628.289389164,-.0923204006011193,607680916.1052295,518373404.4499955,11938168.98654245,986348.4722986884,74597.76713712742,.0756302353906192,.0273801749211805,.0102909736403607,6.984828947426447,7.250000000000001,.0078346344177037,-.0001765484206984,.5019753013721168,1.04045013176283,.3302361540186291,.0137441715576809,.0107072448800811,.0204401177754019,2.862989207274794,2.87829723647867,2.370000000000005,.017022472,2.806340848208899,-.00025379044,.0059845033,.00005335491,-.000098434466,-.00030714535,.0060829376,.63802814,.039609391,1.7424525
3368,2018q3,4,2018,9,2018q3,Акционерное общество Банк «Северный морской путь»,600916461.097883,-64624721.75626269,-10023451.26742633,300647668.4587086,4749213.603402006,.0079032842514001,196857173.817466,27422874.9705532,665541182.8541456,4974368.33584934,-319020.9407938588,8090024.773793221,6487918.8063387,-.107543603711891,625223611.1277457,506217126.725653,12075029.92121213,817788.5549951101,84327.81922337062,.1031168982596912,.0269086562861681,.0103769574450909,7.079323134017357,7.288423662270072,.0082779698308831,-.0005308906669173,.5003152483282302,1.04045013176283,.3275949097114183,.0134628110519932,.0107967067410421,.0200943570411616,2.862989207274794,2.87829723647867,2.980000000000004,.017246969,2.806340848208899,-.00032419004,.0063789911,.00016148988,-.00029666495,-.00048567992,.006675656,.60540491,.011397411,1.720443
3368,2018q4,5,2018,12,2018q4,Акционерное общество Банк «Северный морской путь»,681500302.4674059,-56045437.35617465,6597107.735915954,387071479.6745577,2790603.878243392,.0040947947757908,201093025.6605578,26650553.24718123,737545739.8235806,3026745.865228772,-361802.1500812855,972240.2009748345,601011.0851614184,-.0822383161874754,709067079.4986209,532060121.0503615,6641773.581240982,962509.7406271616,116303.4809439515,.1208335625446962,.0025117846496783,.0008476082200663,7.321223748417882,7.53902423028483,.0044412979044474,-.0005308906669173,.567969637391423,1.04045013176283,.295074007938794,.0014266174166831,.0008818940842512,.0097458116411601,2.862989207274794,2.87829723647867,3.870000000000005,.017820993,2.806340848208899,.00033031157,.0031209581,.00012641137,-.00029274586,.0002039002,.003413704,-.86064911,3.1820436,1.3887442
3388,2017q4,1,2017,12,2017q4,Акционерное общество «Банк Финсервис»,115018546,4897945,194825,75258815,386386,.0033593365021324,31427923,6979526,110120601,424108,152070,1402146,1137153,.0425839585904694,108801014,77799112,2183525,1649873,640907,.3884583843726154,.0186309869481735,.010451676488971,7.938469967958506,8.2497289405987,.0036873010027444,.0013221346060139,.6543189565272369,.9459432220609014,.2732422213022933,.0121906079390014,.0098866925339154,.0189841123534982,3.686993952164698,3.68332944412253,2.569999999999993,.019281318,1.826705251293492,.0010396559,.0013035256,-.00012155411,.00060493813,.00116121,.00069858751,-.088616312,.72922528,.60433728
3388,2018q1,2,2018,3,2018q1,Акционерное общество «Банк Финсервис»,117039586.7195243,5121908.820614469,309354.8067393458,69030389.49454905,259637.2646184341,.0022183713382433,40871148.66204162,5818713.577799801,111917677.8989098,297543.1119920713,111132.8047571853,1440572.844400396,1213395.441030723,.0437621916154634,110473233.8949455,75163162.53716551,2170765.113974232,720558.9692765113,746100.0991080276,1.035446272852812,.0208686761721684,.0109836147476646,7.134349393911887,7.58470439501564,.0025422433582674,.0009495317599122,.5898037700694782,.9438963088590315,.349207903134398,.012308423882704,.0103673934182502,.0185472725495545,2.862989207274794,2.87829723647867,2.239999999999995,.01737763,2.806340848208899,.0007068931,.0010180736,-.00014538348,.00046725714,.00085227657,.00055081653,.14474949,.50658751,.76316893
3388,2018q2,3,2018,6,2018q2,Акционерное общество «Банк Финсервис»,119205601.9866325,5200728.570512331,133647.7540253687,90849328.14250216,299533.5665925334,.0025127474011341,20751509.71554839,6096282.281944196,114004873.4161201,344028.226468414,125843.4626654195,1666970.352126723,1098735.955855052,.0436282228673744,112269359.0654621,80933646.45952114,2121428.614858908,604385.3880286211,951258.5817294066,1.573927167286776,.0183487361569916,.0097866057578043,6.984828947426447,7.250000000000001,.0028860072071696,.0010556841336998,.7621229760048512,.9418127772053178,.1740816653723659,.0139839934058943,.0092171503481712,.0177963835550011,2.862989207274794,2.87829723647867,2.370000000000005,.017022472,2.806340848208899,.00077690813,.00086808676,-.000013841349,.00042706006,.0007907495,.0004410267,.03006277,.66436094,.73471874
3388,2018q3,4,2018,9,2018q3,Акционерное общество «Банк Финсервис»,118419554.6886162,5547621.977669613,388780.9425287557,95345964.73707485,284326.652859137,.0024010109952429,13316619.5746123,8224478.547958789,112871932.7109466,329446.5313959228,126728.1674291308,1782437.585855576,1102135.640819167,.0468471781730396,109896291.7056198,77244951.8314582,2131774.149103672,804738.7013995057,1022746.761116471,1.270905399899162,.0186944207945329,.0100288701621659,7.079323134017357,7.288423662270072,.0027820281224854,.001070162506204,.8051538868541326,.9280248688199487,.1124528766353522,.0150518855652049,.0093070409166563,.0180018760812702,2.862989207274794,2.87829723647867,2.980000000000004,.017246969,2.806340848208899,.00060529145,.00087519694,.00004173052,.0003826278,.00056356093,.00049256918,.049627431,.63922143,.76488483
3388,2018q4,5,2018,12,2018q4,Акционерное общество «Банк Финсервис»,119723705.3312299,6688158.699612651,236724.4189526929,105732935.6842538,399788.04124595,.0033392554978138,5071032.97292681,7237801.191212185,113035546.6316172,448798.0065747773,129474.1449849597,1973467.231262637,1117112.21488618,.055863278547127,110951163.1744339,76116430.91686171,2200736.998395525,1224080.41849619,1188223.788653971,.9707072923474512,.0186646404783078,.0100685038617386,7.321223748417882,7.53902423028483,.0037486144062542,.0010814411784763,.883141190725187,.9267267736783981,.0423561312181008,.0164835128164703,.0093307520995575,.0183817982604775,2.862989207274794,2.87829723647867,3.870000000000005,.017820993,2.806340848208899,.00027273811,.0015035853,.00014555898,.00026292502,.00012717913,.0012406602,.03991871,.57580113,.83064151
3421,2017q4,1,2017,12,2017q4,Акционерное общество Банк «Национальный стандарт»,31584485,5589038,239819,17633011,419876,.0132937421648635,9939071,2234411,25995447,452155,111625,537743,371995,.1769551727691618,25729800,22177915,820315,486543,11295,.0232148032136933,.0304963797731425,.0144577493800962,7.938469967958506,8.2497289405987,.0143157312838883,.003534171920169,.5582807824791191,.8146341471136858,.3146820662106727,.0170255427625304,.0117777763354381,.0259720872447342,3.686993952164698,3.68332944412253,2.569999999999993,.019281318,1.826705251293492,.0056976122,.0024246152,-.00027244497,.0015704436,.0059700571,.00085417158,.20771162,.25923577,.49288568
3421,2018q1,2,2018,3,2018q1,Акционерное общество Банк «Национальный стандарт»,36988727.45292369,5367209.117938552,-149066.4023785926,15677507.43310208,376953.4192269573,.0101910350851273,17750333.99405352,2237931.615460852,31621518.33498513,406225.9663032705,100467.7898909812,485659.0683845391,417382.5569871159,.145103913746952,31357809.71258672,23376803.76610505,820342.9137760157,859798.8107036669,6066.402378592666,.0070556068501977,.0309780792933384,.0133103223985565,7.134349393911887,7.58470439501564,.0109824261140176,.0027161731913824,.4238455473510183,.8477666541109434,.4798849599961159,.0131299209739683,.0112840474849622,.0221781869846721,2.862989207274794,2.87829723647867,2.239999999999995,.01737763,2.806340848208899,.0023893702,.0045390637,-.000703294,.0013780572,.0030926643,.0031610066,.51331872,.055022936,.88856333
3450,2017q4,1,2017,12,2017q4,Банк «РЕСО Кредит» (Акционерное общество),6957506,3124690,74987,1060854.573174565,25138,.0036130762948677,4262938.693766598,463621,3832816,26804,6185,20777,14543,.449110643957763,3798179,3795712,90280,116711,13188,.1129970611167756,.019585153823512,.0038289401315736,7.938469967958506,8.2497289405987,.0038525299151736,.000888967972144,.1524762714073929,.5459109916685663,.6127107463172289,.0029862712299494,.0020902605042669,.012975914070358,3.686993952164698,3.68332944412253,2.569999999999993,.019281318,1.826705251293492,-.0041325511,.0033472863,-.00093257928,.00061648857,-.0031999717,.0027307977,.2178802,1.9393429,30.138535
3450,2018q1,2,2018,3,2018q1,Банк «РЕСО Кредит» (Акционерное общество),9591087.215064419,3037732.408325074,12686.81863230922,1462413.217296139,20742.31912784935,.002162666094337,5876562.205535753,393963.3300297324,6553354.806739345,22297.32408325074,5066.402378592666,13682.81206593797,24844.40039643211,.3167245110182924,6499480.673934588,3555678.889990089,93472.92943195673,77842.41823587709,1956.392467789891,.025132729842252,.0093563241251581,.0038225208509455,7.134349393911887,7.58470439501564,.0023247963013233,.0005282406743873,.1524762714073929,.6776583851438717,.6127107463172289,.0014266174166831,.0025903633070305,.0097458116411601,2.862989207274794,2.87829723647867,2.239999999999995,.01737763,2.806340848208899,-.0050914371,.0025358412,-.00061878556,.00031424375,-.0044726515,.0022215974,-.27498335,1.8751307,-15.391452
3450,2018q2,3,2018,6,2018q2,Банк «РЕСО Кредит» (Акционерное общество),8980897.628840927,2925339.272884824,40553.28679525277,1369373.784337161,34007.21431125412,.0037866164070331,5502692.488765756,438947.748513919,6055558.355956102,35606.71157288735,18111.29088157111,12812.30497475285,65461.70552500286,.325729052237551,6014391.160340627,6014391.160340627,98668.6808629322,87683.04731001041,2640.984748975037,.0301196734146069,.0093563241251581,.0108841782617437,6.984828947426447,7.250000000000001,.0039647163395495,.0020166459556792,.1524762714073929,.6696870857347522,.6127107463172289,.0014266174166831,.0072889936207247,.0109865054631144,2.862989207274794,2.87829723647867,2.370000000000005,.017022472,2.806340848208899,-.0084466357,.0042590201,-.002330482,.0011996557,-.0061161537,.0030593644,-.14211892,.22081399,.9623062
3450,2018q3,4,2018,9,2018q3,Банк «РЕСО Кредит» (Акционерное общество),8112688.823882873,3123008.413321781,232049.3986103572,1236992.542954088,29378.71156171196,.0036213285384772,4970731.623920717,618276.2205241068,4989680.410561093,30811.93810110395,4864.018649301122,11573.70317228203,79170.92807688213,.3849535562276201,4917005.219332127,4915148.738519391,104327.7998867802,190098.5756328381,1290.195784951648,.0067869829148198,.0093563241251581,.016101452926185,7.079323134017357,7.288423662270072,.0037979933373504,.0005995569107719,.1524762714073929,.6060882311739849,.6127107463172289,.0014266174166831,.0097589011233626,.0128598300947585,2.862989207274794,2.87829723647867,2.980000000000004,.017246969,2.806340848208899,-.0061269561,.0037739174,-.00066426396,.00038613233,-.0054626921,.0033877851,-.20603324,-.11505165,-.1205438
3450,2018q4,5,2018,12,2018q4,Банк «РЕСО Кредит» (Акционерное общество),8532331.810316589,3025966.080280799,-138908.5801579646,1300978.140847765,25883.08408789901,.0030335299497616,5227851.39132531,757508.1285949644,5506365.730035789,27190.42724758683,11665.96790066057,12172.3731655173,67255.00771645884,.3546470235278534,5404783.818751592,5346186.349352566,145379.8325286726,287702.1379033184,8878.958734757589,.0308616362723774,.0093563241251581,.0124436073618933,7.321223748417882,7.53902423028483,.0031867522093679,.0013672660838805,.1524762714073929,.633447448939641,.6127107463172289,.0014266174166831,.0078823713389978,.0170386988880216,2.862989207274794,2.87829723647867,3.870000000000005,.017820993,2.806340848208899,-.0058696722,.0032935685,-.0015450896,.00085103983,-.0043245824,.0024425287,-.30675465,.19715373,.15239504
3470,2019q1,6,2019,3,2019q1,Акционерное общество «Тойота Банк»,65529447.06143472,12351697.85280925,310812.541692072,62455516.42342342,255269.4031482187,.0038954914865816,0,2227928.314446432,53177750.15115286,273972.9164905609,2049.054525612374,1736306.975207753,896886.4348041033,.1884907992772985,53111390.56838825,16821394.55376012,3672383.571279383,71468.08116793187,73678.30787564164,1.030926067575766,.0278006983952592,.0168868942275055,7.573094411210013,7.74999999999999,.0041809129906698,.00003126921739,.9530908503603051,.810496546973693,0,.026496591274148,.0136867694605032,.0560417298781184,4.467793788947205,4.47036660760193,5.159999999999997,.018417645,2.198075696208202,,,,,,,,,
3470,2019q2,7,2019,6,2019q2,Акционерное общество «Тойота Банк»,68321608.82040241,12360206.35165443,117468.8624986587,10417424.16948941,343055.1165071056,.005021180303422,0,3001508.291897755,55961402.468748,363330.3387719865,2597.111823082934,1828930.98803353,900853.0780548438,.1809121091417183,55623787.27387607,15695620.07905379,4180268.216641535,36267.07844744698,37276.02836432811,1.027819994332964,.1755646077453686,.0161954646061638,7.618170305415228,7.708292995124966,.0053179417909651,.000038013036694,.1524762714073929,.8141463328256041,0,.0267694367801153,.0131854781175151,.0611851548699657,4.467793788947205,4.47036660760193,4.989999999999995,.018524315,2.198075696208202,,,,,,,,,
3470,2019q3,8,2019,9,2019q3,Акционерное общество «Тойота Банк»,71363972.76974103,12727335.84348194,381943.9620851958,68016349.49220213,301868.7051555588,.0042299873933525,0,2806824.513982592,58636636.92625909,323281.3273169174,2389.651619105776,1927653.86123395,976356.0392134383,.1783439927671523,58224986.07678714,14614429.07752694,4620397.470646651,114618.3662382258,65022.59784357126,.5672964986119817,.0283410367599183,.0167686779336593,7.056934150568295,7.264993658151586,.0045300354614505,.0000334854062401,.9530908503603051,.815887678572108,0,.0270115828256032,.0136813577120166,.0647441179536706,4.467793788947205,4.47036660760193,4.290000000000006,.017193791,2.198075696208202,,,,,,,,,
3470,2019q4,9,2019,12,2019q4,Акционерное общество «Тойота Банк»,71660018.1520884,12999886.67966234,307054.2040966623,68298507.63740884,352530.5127229447,.0049194867907338,0,2786112.903082688,58660131.47242607,377144.6264301848,1934.132285257883,1971146.997827727,877057.3223625422,.1814105970790001,58021600.68837477,13061395.43709208,4623944.388166403,117365.9021375737,35789.82417359776,.3049422662098719,.0288607623506561,.0151160483674534,6.466480056414547,6.599650321330652,.0052629714051948,.0000269903962507,.9530908503603051,.8096788444182642,0,.0275069285308335,.0122391445743303,.0645261403416439,4.467793788947205,4.47036660760193,3.439999999999998,.015788341,2.198075696208202,,,,,,,,,
3532,2018q4,5,2018,12,2018q4,Небанковская кредитная организация «Перспектива» (общество с ограниченной ответственностью),128163.9137328719,34096.81887321309,286.8838450566802,43014.285506636,9334.314636475072,.0728310673777511,0,14400.02870589873,94067.09485965884,10246.72523565016,10451.77491421776,237.7862742583893,113.0269973355027,.2660407120859311,32378.1771168401,1468.113636615562,11522.52597813223,4452.475783178342,237.7862742583893,.0534054054054054,.0055280768111725,.0034908388118217,7.321223748417882,7.53902423028483,.0799501586461155,.0815500604639936,.3356193194621799,.2526309955259711,0,.0018553293773004,.0008818940842512,.0899046045218959,2.862989207274794,2.87829723647867,3.870000000000005,.017820993,2.806340848208899,,,,,,,,,
